%% This BibTeX bibliography file was created using BibDesk.
%% http://bibdesk.sourceforge.net/


%% Created for  at 2009-05-08 14:34:04 -0500 


%% Saved with string encoding Unicode (UTF-8) 



@conference{Seng2003,
	Author = {Seng, J.S. and Tullsen, D.M.},
	Booktitle = {Proceedings of the Seventh Workshop on Interaction between Compilers and Computer Architectures},
	Date-Added = {2009-05-08 14:32:57 -0500},
	Date-Modified = {2009-05-08 14:33:05 -0500},
	Organization = {IEEE Computer Society Washington, DC, USA},
	Pages = {51},
	Title = {{The effect of compiler optimizations on Pentium 4 power consumption}},
	Year = {2003}}

@techreport{Hsu2001,
	Author = {Hsu, C.H. and Kremer, U.},
	Date-Added = {2009-05-08 14:31:46 -0500},
	Date-Modified = {2009-05-08 14:32:00 -0500},
	Institution = {Technical Report DCS-TR-461, Department of Computer Science, Rutgers University},
	Title = {{Compiler-directed dynamic voltage scaling based on program regions}},
	Year = {2001}}

@article{Valluri2001,
	Author = {Valluri, M. and John, LK},
	Date-Added = {2009-05-08 14:30:54 -0500},
	Date-Modified = {2009-05-08 14:31:06 -0500},
	Journal = {KLUWER INTERNATIONAL SERIES IN ENGINEERING AND COMPUTER SCIENCE},
	Pages = {101--116},
	Publisher = {KLUWER ACADEMIC PUBLISHERS GROUP},
	Title = {{Is compiling for performance== compiling for power?}},
	Year = {2001}}

@article{Ayala2003,
	Address = {Norwell, MA, USA},
	Author = {Ayala,, Jos\'{e} L. and Veidenbaum,, Alexander and L\'{o}pez-Vallejo,, Marisa},
	Date-Added = {2009-05-08 14:29:52 -0500},
	Date-Modified = {2009-05-08 14:30:03 -0500},
	Doi = {http://dx.doi.org/10.1023/B:IJPP.0000004510.66751.2e},
	Issn = {0885-7458},
	Journal = {Int. J. Parallel Program.},
	Number = {6},
	Pages = {451--467},
	Publisher = {Kluwer Academic Publishers},
	Title = {Power-aware compilation for register file energy reduction},
	Volume = {31},
	Year = {2003},
	Bdsk-Url-1 = {http://dx.doi.org/10.1023/B:IJPP.0000004510.66751.2e}}

@article{Huang2007,
	Address = {New York, NY, USA},
	Author = {Huang,, Po-Kuan and Ghiasi,, Soheil},
	Date-Added = {2009-05-08 14:28:06 -0500},
	Date-Modified = {2009-05-08 14:28:14 -0500},
	Doi = {http://doi.acm.org/10.1145/1255456.1255464},
	Issn = {1084-4309},
	Journal = {ACM Trans. Des. Autom. Electron. Syst.},
	Number = {3},
	Pages = {1--16},
	Publisher = {ACM},
	Title = {Efficient and scalable compiler-directed energy optimization for realtime applications},
	Volume = {12},
	Year = {2007},
	Bdsk-Url-1 = {http://doi.acm.org/10.1145/1255456.1255464}}

@inproceedings{Azevedo2002,
	Address = {Washington, DC, USA},
	Author = {Azevedo,, A. and Issenin,, I. and Cornea,, R. and Gupta,, R. and Dutt,, N. and Veidenbaum,, A. and Nicolau,, A.},
	Booktitle = {DATE '02: Proceedings of the conference on Design, automation and test in Europe},
	Date-Added = {2009-05-08 14:27:04 -0500},
	Date-Modified = {2009-05-08 14:27:13 -0500},
	Pages = {168},
	Publisher = {IEEE Computer Society},
	Title = {Profile-Based Dynamic Voltage Scheduling Using Program Checkpoints},
	Year = {2002}}

@inproceedings{Mosse2000,
	Author = {Daniel Mosse and Hakan Aydin and Bruce Childers and Rami Melhem},
	Booktitle = {In Workshop on Compilers and Operating Systems for Low Power},
	Date-Added = {2009-05-08 14:25:55 -0500},
	Date-Modified = {2009-05-08 14:26:04 -0500},
	Title = {Compiler-Assisted Dynamic Power-Aware Scheduling for Real-Time Applications},
	Year = {2000}}

@article{Chen2007,
	Author = {Chen, T. and Huang, J. and Qianjie, L.},
	Date-Added = {2009-05-08 14:20:02 -0500},
	Date-Modified = {2009-05-08 14:23:13 -0500},
	Journal = {WSEAS Transactions on Computers},
	Number = {6},
	Pages = {967--972},
	Publisher = {World Scientific and Engineering Academy and Society, Ag. Ioannou Theologou 17-23, Athens, 15773, Zographou, Greece,},
	Title = {{Using dynamic and Static Approach with Compiler-Assisted in Power management for DVS-Enabled Embedded System}},
	Volume = {6},
	Year = {2007}}

@article{Chen2005,
	Author = {Chen, J. and Dong, Y. and Yi, H. and Yang, X.},
	Date-Added = {2009-05-08 14:18:49 -0500},
	Date-Modified = {2009-05-08 14:23:06 -0500},
	Journal = {Lecture notes in computer science},
	Pages = {230},
	Publisher = {Springer},
	Title = {{Compiler-Directed energy-aware prefetching optimization for embedded applications}},
	Volume = {3820},
	Year = {2005}}

@article{Shen2004,
	Address = {New York, NY, USA},
	Author = {Shen,, Xipeng and Zhong,, Yutao and Ding,, Chen},
	Date-Added = {2009-05-08 14:16:48 -0500},
	Date-Modified = {2009-05-08 14:24:01 -0500},
	Doi = {http://doi.acm.org/10.1145/1037949.1024414},
	Issn = {0163-5980},
	Journal = {SIGOPS Oper. Syst. Rev.},
	Number = {5},
	Pages = {165--176},
	Publisher = {ACM},
	Title = {Locality phase prediction},
	Volume = {38},
	Year = {2004},
	Bdsk-Url-1 = {http://doi.acm.org/10.1145/1037949.1024414}}

@inproceedings{Freeh2005,
	Address = {New York, NY, USA},
	Author = {Freeh,, Vincent W. and Lowenthal,, David K.},
	Booktitle = {PPoPP '05: Proceedings of the tenth ACM SIGPLAN symposium on Principles and practice of parallel programming},
	Date-Added = {2009-05-08 14:14:35 -0500},
	Date-Modified = {2009-05-08 14:23:48 -0500},
	Doi = {http://doi.acm.org/10.1145/1065944.1065967},
	Isbn = {1-59593-080-9},
	Location = {Chicago, IL, USA},
	Pages = {164--173},
	Publisher = {ACM},
	Title = {Using multiple energy gears in MPI programs on a power-scalable cluster},
	Year = {2005},
	Bdsk-Url-1 = {http://doi.acm.org/10.1145/1065944.1065967}}

@inproceedings{Wu2005,
	Address = {Washington, DC, USA},
	Author = {Wu,, Qiang and Martonosi,, Margaret and Clark,, Douglas W. and Reddi,, V. J. and Connors,, Dan and Wu,, Youfeng and Lee,, Jin and Brooks,, David},
	Booktitle = {MICRO 38: Proceedings of the 38th annual IEEE/ACM International Symposium on Microarchitecture},
	Date-Added = {2009-05-08 14:13:23 -0500},
	Date-Modified = {2009-05-08 14:23:38 -0500},
	Doi = {http://dx.doi.org/10.1109/MICRO.2005.7},
	Isbn = {0-7695-2440-0},
	Location = {Barcelona, Spain},
	Pages = {271--282},
	Publisher = {IEEE Computer Society},
	Title = {A Dynamic Compilation Framework for Controlling Microprocessor Energy and Performance},
	Year = {2005},
	Bdsk-Url-1 = {http://dx.doi.org/10.1109/MICRO.2005.7}}

@article{AbouGhazaleh2006,
	Address = {New York, NY, USA},
	Author = {AbouGhazaleh,, Nevine and Moss\'{e},, Daniel and Childers,, Bruce R. and Melhem,, Rami},
	Date-Added = {2009-05-08 14:12:03 -0500},
	Date-Modified = {2009-05-08 14:23:31 -0500},
	Doi = {http://doi.acm.org/10.1145/1132357.1132361},
	Issn = {1539-9087},
	Journal = {ACM Trans. Embed. Comput. Syst.},
	Number = {1},
	Pages = {82--115},
	Publisher = {ACM},
	Title = {Collaborative operating system and compiler power management for real-time applications},
	Volume = {5},
	Year = {2006},
	Bdsk-Url-1 = {http://doi.acm.org/10.1145/1132357.1132361}}

@inproceedings{Xie2003,
	Address = {New York, NY, USA},
	Author = {Xie,, Fen and Martonosi,, Margaret and Malik,, Sharad},
	Booktitle = {PLDI '03: Proceedings of the ACM SIGPLAN 2003 conference on Programming language design and implementation},
	Date-Added = {2009-05-08 14:11:35 -0500},
	Date-Modified = {2009-05-08 14:24:07 -0500},
	Doi = {http://doi.acm.org/10.1145/781131.781138},
	Isbn = {1-58113-662-5},
	Location = {San Diego, California, USA},
	Pages = {49--62},
	Publisher = {ACM},
	Title = {Compile-time dynamic voltage scaling settings: opportunities and limits},
	Year = {2003},
	Bdsk-Url-1 = {http://doi.acm.org/10.1145/781131.781138}}

@inproceedings{Hsu2003,
	Address = {New York, NY, USA},
	Author = {Hsu,, Chung-Hsing and Kremer,, Ulrich},
	Booktitle = {PLDI '03: Proceedings of the ACM SIGPLAN 2003 conference on Programming language design and implementation},
	Date-Added = {2009-05-08 14:10:29 -0500},
	Date-Modified = {2009-05-08 14:22:59 -0500},
	Doi = {http://doi.acm.org/10.1145/781131.781137},
	Isbn = {1-58113-662-5},
	Location = {San Diego, California, USA},
	Pages = {38--48},
	Publisher = {ACM},
	Title = {The design, implementation, and evaluation of a compiler algorithm for CPU energy reduction},
	Year = {2003},
	Bdsk-Url-1 = {http://doi.acm.org/10.1145/781131.781137}}

@inproceedings{Hsu2005,
	Address = {Washington, DC, USA},
	Author = {Hsu,, Chung-hsing and Feng,, Wu-chun},
	Booktitle = {SC '05: Proceedings of the 2005 ACM/IEEE conference on Supercomputing},
	Date-Added = {2009-05-08 14:09:02 -0500},
	Date-Modified = {2009-05-08 14:22:45 -0500},
	Doi = {http://dx.doi.org/10.1109/SC.2005.3},
	Isbn = {1-59593-061-2},
	Pages = {1},
	Publisher = {IEEE Computer Society},
	Title = {A Power-Aware Run-Time System for High-Performance Computing},
	Year = {2005},
	Bdsk-Url-1 = {http://dx.doi.org/10.1109/SC.2005.3}}
