%% This BibTeX bibliography file was created using BibDesk.
%% http://bibdesk.sourceforge.net/


%% Created for  at 2012-02-14 17:05:30 -0600 


%% Saved with string encoding Unicode (UTF-8) 



@techreport{AMD1995,
	Author = {AMD},
	Date-Added = {2008-07-09 13:16:06 -0500},
	Date-Modified = {2008-07-09 13:17:46 -0500},
	Institution = {AMD},
	Number = {18448D},
	Title = {{CPU Thermal Management}},
	Type = {Application Note},
	Year = {1995}}

@manual{AMD2005,
	Date-Added = {2008-06-21 15:04:26 -0500},
	Date-Modified = {2008-06-21 15:04:26 -0500},
	Edition = {3.06},
	Month = {September},
	Organization = {AMD},
	Title = {{Software Optimization Guide for AMD64 Processors}},
	Year = {2005}}

@techreport{AMD2005b,
	Author = {David Jessel},
	Date-Added = {2008-07-11 11:14:55 -0500},
	Date-Modified = {2008-07-11 11:40:10 -0500},
	Institution = {AMD},
	Title = {{AMD Opteron Processors: A Better High-End Embedded Solution}},
	Type = {White Paper},
	Year = {2005},
	Bdsk-Url-1 = {http://www.hypertransport.org/docs/tech/opteron-a_better_high-end_embedded_solution.pdf}}

@manual{AMD2006,
	Author = {AMD},
	Date-Added = {2008-06-21 16:06:39 -0500},
	Date-Modified = {2008-06-21 16:07:35 -0500},
	Edition = {3.00},
	Month = {August},
	Organization = {AMD},
	Title = {{AMD NPT Family 0Fh Processor Electrical Data Sheet}},
	Year = {2006},
	Bdsk-Url-1 = {http://www.amd.com/us-en/assets/content_type/white_papers_and_tech_docs/31119.pdf}}

@manual{AMD2007,
	Author = {AMD},
	Date-Added = {2008-06-13 17:21:30 -0500},
	Date-Modified = {2008-06-21 15:58:48 -0500},
	Edition = {3.23},
	Month = {March},
	Organization = {AMD},
	Title = {{AMD Opteron Processor Data Sheet}},
	Year = {2007},
	Bdsk-Url-1 = {http://www.amd.com/us-en/assets/content_type/white_papers_and_tech_docs/23932.pdf}}

@manual{AMD2008,
	Author = {AMD},
	Date-Added = {2008-05-22 09:51:09 -0500},
	Date-Modified = {2008-05-22 09:52:55 -0500},
	Edition = {26094 Rev 3.30},
	Month = {February},
	Organization = {AMD},
	Title = {{BIOS and Kernel Developer's Guide for AMD Athlon 64 and AMD Opteron Processors}},
	Year = {2006}}

@manual{AMD2008b,
	Author = {AMD},
	Date-Added = {2008-06-21 14:55:44 -0500},
	Date-Modified = {2008-06-21 15:09:24 -0500},
	Edition = {3.06 08},
	Month = {September},
	Organization = {AMD},
	Title = {{Software Optimization Guide for AMD Family 10h Processors}},
	Year = {2008}}

@inproceedings{Aguiar2008,
	Author = {Aguiar, A and Filho, J Sergio and dos Santos, T G and Marcon, C and Hessel, F},
	Booktitle = {Proc. of the 2008 Brazilian Workshop on Operating Systems},
	Date-Added = {2011-07-13 16:35:38 -0500},
	Date-Modified = {2011-07-13 16:35:38 -0500},
	Pages = 169,
	Title = {{Architectural support for task migration concerning {MPSoC}}},
	OPTUrl = {http://www.lisha.ufsc.br/wso/wso2008/papers/arq0063.pdf},
	Year = 2008,
	Bdsk-Url-1 = {http://www.lisha.ufsc.br/wso/wso2008/papers/arq0063.pdf}}

@electronic{NIST2010,
	Author = {NIST},
	Date-Added = {2011-12-08 15:34:45 +0000},
	Date-Modified = {2012-02-11 15:47:02 +0000},
	Title = {{NIST/SEMATECH e-Handbook of Statistical Methods}},
	Url = {http://www.itl.nist.gov/div898/handbook/index.htm},
	Urldate = {June 2010},
	Year = {2010},
	Bdsk-Url-1 = {http://www.itl.nist.gov/div898/handbook/index.htm}}

@article{Albers2007a,
	Affiliation = {New York, NY, USA},
	Author = {Susanne Albers and Hiroshi Fujiwara},
	Date-Added = {2011-07-13 16:35:38 -0500},
	Date-Modified = {2011-07-13 16:35:38 -0500},
	Journal = {ACM Transactions on Algorithms},
	Number = 4,
	Pages = 49,
	Rating = 0,
	Title = {Energy-efficient algorithms for flow time minimization},
	OPTUrl = {http://doi.acm.org/10.1145/1290672.1290686},
	Volume = 3,
	Year = 2007,
	Bdsk-Url-1 = {http://doi.acm.org/10.1145/1290672.1290686}}

@article{Albers2007b,
	Author = {Albers, Susanne and Muller, Fabian and Schmelzer, Swen},
	Doi = {http://doi.acm.org/10.1145/1248377.1248424},
	Journal = {Proc. of the 19th ACM Symp. on Parallel Algorithms and Architectures},
	Pages = {289--298},
	Title = {{Speed scaling on parallel processors}},
	Url = {http://doi.acm.org/10.1145/1248377.1248424},
	Year = 2007,
	Bdsk-Url-1 = {http://doi.acm.org/10.1145/1248377.1248424}}

@article{Albers2010,
	Author = {Albers, Susanne},
	Date-Added = {2011-07-13 16:35:38 -0500},
	Date-Modified = {2011-07-13 16:35:38 -0500},
	Issn = {0001-0782},
	Journal = {Communications of the ACM},
	Keywords = {undefined},
	Number = 5,
	Pages = {86--96},
	Title = {Energy-efficient Algorithms},
	OPTUrl = {http://portal.acm.org/citation.cfm?id=1735245},
	Volume = 53,
	Year = 2010,
	Bdsk-Url-1 = {http://portal.acm.org/citation.cfm?id=1735245}}

@article{Antony2006,
	Author = {Antony, Joseph and Janes, Pete and Rendell, Alistair},
	Bdsk-Url-1 = {http://dx.doi.org/10.1007/11945918\_35},
	Date-Added = {2008-06-20 15:19:22 -0500},
	Date-Modified = {2008-12-13 17:53:38 -0600},
	Journal = {{Proc. of the 2006 Workshop on High Performance Computing}},
	M3 = {10.1007/11945918{\_}35},
	Pages = {338--352},
	Title = {{Exploring thread and memory placement on NUMA architectures: Solaris and Linux, UltraSPARC/FirePlane and Opteron/HyperTransport}},
	Ty = {CHAPTER},
	Year = {2006},
	Bdsk-Url-2 = {http://dx.doi.org/10.1007/11945918%5C_35}}

@article{Ayoub2009,
	Affiliation = {New York, NY, USA},
	Author = {Raid Zuhair Ayoub and Tajana Simunic Rosing},
	Date-Added = {2011-07-13 16:35:38 -0500},
	Date-Modified = {2011-07-13 16:35:38 -0500},
	Doi = {http://doi.acm.org/10.1145/1594233.1594256},
	Journal = {Proc. of the 14th ACM/IEEE Int'l Symp. on Low Power Electronics and Design},
	Pages = {99--104},
	Rating = 0,
	Title = {Predict and act: dynamic thermal management for multi-core processors},
	Year = 2009,
	Bdsk-Url-1 = {http://doi.acm.org/10.1145/1594233.1594256}}

@inproceedings{Ayoub2010,
	Author = {Ayoub, R. and Sharifi, S. and Simunic Rosing, T.},
	Booktitle = {Proc of the 2010 Design, Automation Test in Europe Conference Exhibition (DATE)},
	Date-Added = {2011-07-13 16:35:38 -0500},
	Date-Modified = {2011-07-13 16:35:38 -0500},
	Issn = {1530-1591},
	Keywords = {cooling aware proactive workload scheduling;data centers;gentlecool;mean time between failures;multi-machine systems;server fan speed;computer centres;cooling;fans;network servers;scheduling;},
	Month = march,
	Pages = {295 -298},
	Title = {GentleCool: Cooling aware proactive workload scheduling in multi-machine systems},
	Year = 2010}

@inproceedings{Ayoub2010b,
	Acmid = 1899924,
	Address = {Piscataway, NJ, USA},
	Author = {Ayoub, Raid and Rosing, Tajana Simunic},
	Booktitle = {Proc. of the 2010 Asia and South Pacific Design Automation Conference},
	Date-Added = {2011-07-13 16:35:38 -0500},
	Date-Modified = {2011-07-13 16:35:38 -0500},
	Isbn = {978-1-60558-837-7},
	Location = {Taipei, Taiwan},
	Numpages = 6,
	Pages = {891--896},
	Publisher = {IEEE Press},
	Series = {ASPDAC '10},
	Title = {Cool and save: cooling aware dynamic workload scheduling in multi-socket CPU systems},
	Url = {http://portal.acm.org/citation.cfm?id=1899721.1899924},
	Year = 2010,
	Bdsk-Url-1 = {http://portal.acm.org/citation.cfm?id=1899721.1899924}}

@article{Ayoub2011,
	Author = {Ayoub, R. and Indukuri, K. and Rosing, T.S.},
	Doi = {10.1109/TCAD.2011.2153852},
	Issn = {0278-0070},
	Journal = {{IEEE Transactions on Computer-Aided Design of Integrated Circuits and Systems}},
	Keywords = {control theoretic approach;cooling costs;dynamic thermal management;dynamic workload scheduling;energy savings;fan subsystems;multisocket CPU servers;multitier approach;temperature frequency spectrum;thermal distribution;dynamic scheduling;fans;microprocessor chips;power aware computing;power consumption;processor scheduling;resource allocation;temperature distribution;},
	Month = {Sept.},
	Number = 9,
	Pages = {1359 -1372},
	Title = {{Temperature aware dynamic workload scheduling in multisocket CPU servers}},
	Volume = 30,
	Year = 2011,
	Bdsk-Url-1 = {http://dx.doi.org/10.1109/TCAD.2011.2153852}}

@inproceedings{Azimi2005,
	Address = {New York, NY, USA},
	Author = {Reza Azimi and Michael Stumm and Robert W. Wisniewski},
	Booktitle = {{Proc. of the 19th Annual Int'l Conf. on Supercomputing}},
	Date-Added = {2008-06-16 11:29:51 -0500},
	Date-Modified = {2008-12-13 17:53:38 -0600},
	Isbn = {1-59593-167-8},
	Location = {Cambridge, Massachusetts},
	Pages = {101--110},
	Publisher = {ACM},
	Title = {{Online performance analysis by statistical sampling of microprocessor performance counters}},
	Year = {2005},
	Bdsk-Url-1 = {http://doi.acm.org/10.1145/1088149.1088163}}

@article{Bai2007,
	Author = {Ying-Wen Bai and Yung-Sen Cheng and Cheng-Hung Tsai},
	Date-Added = {2008-08-15 01:16:15 -0500},
	Date-Modified = {2008-12-13 17:53:38 -0600},
	Issn = {1556-6463},
	Journal = {{Proc. of the 15th IEEE Int'l Conf. on Networks}},
	Keywords = {batch processing (computers), client-server systems, power aware computing, queueing theoryadjustable system performance, batch service, mean response time, power consumption, power estimation, queueing model method, server system, threshold value},
	Month = {Nov.},
	Pages = {477-482},
	Title = {An Approximate Analysis of the Balance among Performance, Utilization and Power Estimation of Server Systems by Use of the Batch Service},
	Year = {2007},
	Bdsk-Url-1 = {http://dx.doi.org/10.1109/ICON.2007.4444133}}

@inproceedings{Bailis2011,
	Address = {New York, NY, USA},
	Author = {Bailis, Peter and Reddi, Vijay Janapa and Gandhi, Sanjay and Brooks, David and Seltzer, Margo},
	Booktitle = {Proc. of the 48th Design Automation Conference (DAC 2011)},
	Date-Added = {2011-07-13 16:35:38 -0500},
	Date-Modified = {2011-07-13 16:35:38 -0500},
	Month = {June},
	Publisher = {ACM},
	Title = {{Dimentrodon: Processor-level preventive thermal management via idle cycle injection}},
	OPTUrl = {http://www.eecs.berkeley.edu/~pbailis/papers/dimetrodon-dac2011.pdf},
	Year = 2011,
	Bdsk-Url-1 = {http://www.eecs.berkeley.edu/~pbailis/papers/dimetrodon-dac2011.pdf}}

@article{Banikazemi2008,
	Author = {Banikazemi, Mohammad and Poff, Dan and Abali, Bulent},
	Date-Added = {2011-07-13 16:35:38 -0500},
	Date-Modified = {2011-07-13 16:35:38 -0500},
	Doi = {http://doi.acm.org/10.1145/1413370.1413410},
	Journal = {Proc. of the 2008 ACM/IEEE Conf. on Supercomputing},
	Pages = {1--12},
	Title = {{\{PAM\}: a novel performance/power aware meta-scheduler for multi-core systems}},
	OPTUrl = {http://doi.acm.org/10.1145/1413370.1413410},
	Year = 2008,
	Bdsk-Url-1 = {http://doi.acm.org/10.1145/1413370.1413410}}

@article{Bao2008,
	Affiliation = {ACM},
	Author = {M Bao and A Andrei and P Eles and Z Peng},
	Date-Added = {2010-04-11 22:19:17 -0500},
	Date-Modified = {2010-09-18 15:26:22 -0500},
	Journal = {Proceedings of the ACM Conf. on Design, Automation and Test in Europe},
	Pages = {1083--1086},
	Rating = 0,
	Title = {Temperature-aware voltage selection for energy optimization},
	Uri = {papers://29A695D8-9431-4F2A-A5D6-CFC24651882A/Paper/p135},
	Year = 2008}

@article{Barroso2007,
	Author = {Barroso, L.A. and Holzle, U.},
	Date-Added = {2008-05-21 10:54:55 -0500},
	Date-Modified = {2008-12-13 17:53:38 -0600},
	Issn = {0018-9162},
	Journal = {IEEE Computer},
	Keywords = {disc storage, file servers, laptop computers, power aware computingdisk subsystem, energy usage profile, energy-proportional computing, energy-proportional design, laptop computer, memory subsystem, server energy saving},
	Number = {12},
	Pages = {33-37},
	Title = {{The Case for Energy-Proportional Computing}},
	Volume = {40},
	Year = {Dec. 2007},
	Bdsk-Url-1 = {http://dx.doi.org/10.1109/MC.2007.443}}

@book{Bautista2008,
	Author = {Bautista, Diana and Sahuquillo, Julio and Hassan, Houcine and Petit, Salvador and Duato, Jose},
	Booktitle = {2008 IEEE Int'l Symp. on Parallel and Distributed Processing},
	Date-Added = {2011-07-13 16:35:38 -0500},
	Date-Modified = {2011-07-13 16:35:38 -0500},
	Doi = {10.1109/IPDPS.2008.4536220},
	Isbn = {978-1-4244-1693-6},
	Issn = {1530-2075},
	Keywords = {undefined},
	Month = apr,
	Pages = {1--7},
	Publisher = {IEEE},
	Title = {{A simple power-aware scheduling for multicore systems when running real-time applications}},
	OPTUrl = {http://ieeexplore.ieee.org/xpl/freeabs\_all.jsp?arnumber=4536220},
	Year = 2008,
	Bdsk-Url-1 = {http://ieeexplore.ieee.org/xpl/freeabs%5C_all.jsp?arnumber=4536220},
	Bdsk-Url-2 = {http://dx.doi.org/10.1109/IPDPS.2008.4536220}}

@article{Bell2005,
	Author = {Bell, R.H., Jr. and John, L.K.},
	Date-Added = {2008-05-19 11:34:28 -0500},
	Date-Modified = {2012-02-11 15:44:17 +0000},
	Journal = {{Proc. of the 2005 IEEE Int'l Workload Characterization Symposium}},
	Keywords = {benchmark testing, circuit simulation, low-power electronics, microprocessor chips SPEC2000 benchmark, STREAM benchmark, power analysis, power dissipation assessment, processor designs, synthetic testcases},
	Pages = {110-118},
	Title = {{Efficient Power Analysis Using Synthetic Testcases}},
	Year = {2005},
	Bdsk-Url-1 = {http://dx.doi.org/10.1109/IISWC.2005.1526007}}

@article{Bellosa2003,
	Author = {Bellosa, F. and Weissel, A. and Waitz, M. and Kellner, S.},
	Date-Added = {2008-05-22 10:49:23 -0500},
	Date-Modified = {2010-08-10 16:52:42 -0500},
	Journal = {{Proc. of the 2003 Workshop on Compilers and Operating Systems for Low Power}},
	Title = {{Event-driven energy accounting for dynamic thermal management}},
	Year = {2003}}

@article{Bergamaschi2008,
	Author = {R Bergamaschi and Guoling Han and A Buyuktosunoglu and H Patel and I Nair and G Dittmann and G Janssen and N Dhanwada and Zhigang Hu and P Bose and J Darringer},
	Date-Added = {2010-04-11 22:19:04 -0500},
	Date-Modified = {2010-09-18 15:27:28 -0500},
	Doi = {10.1109/ASPDAC.2008.4484043},
	Journal = {Proc. of the 2008 Design Automation Conf., Asia and South Pacific},
	Keywords = {power management, nonlinear programmingcontinuous power modes, simulation model, nonlinear programming, integrated circuit modelling, microprocessor chips, power analysis methodology, multi-core systems},
	Month = {Mar},
	Pages = {708--713},
	Rating = 0,
	Title = {Exploring power management in multi-core systems},
	Uri = {papers://29A695D8-9431-4F2A-A5D6-CFC24651882A/Paper/p128},
	Year = 2008,
	Bdsk-Url-1 = {http://dx.doi.org/10.1109/ASPDAC.2008.4484043}}

@techreport{Berktold2010,
	Author = {Michael Berktold and Tian Tian},
	Institution = {Intel Corporation},
	Title = {{CPU Monitoring with DTS/PECI}},
	Url = {http://download.intel.com/design/intarch/papers/322683.pdf},
	Year = 2010,
	Bdsk-Url-1 = {http://download.intel.com/design/intarch/papers/322683.pdf}}

@inproceedings{Bertran2010,
	Acmid = {1810108},
	Address = {New York, NY, USA},
	Author = {Bertran, Ramon and Gonzalez, Marc and Martorell, Xavier and Navarro, Nacho and Ayguade, Eduard},
	Booktitle = {Proc. of the 24th ACM Int'l. Conf. on Supercomputing},
	Doi = {http://doi.acm.org/10.1145/1810085.1810108},
	Isbn = {978-1-4503-0018-6},
	Keywords = {powermodel,performance counters, power estimation},
	Location = {Tsukuba, Ibaraki, Japan},
	Numpages = {12},
	Pages = {147--158},
	Publisher = {ACM},
	Series = {ICS '10},
	Title = {{Decomposable and Responsive Power Models For Multicore Processors Using Performance Counters}},
	Year = {2010},
	Bdsk-Url-1 = {http://doi.acm.org/10.1145/1810085.1810108}}

@article{Bhattacharjee2009,
	Author = {Bhattacharjee, Abhishek and Martonosi, Margaret},
	Date-Added = {2010-08-01 09:28:49 -0500},
	Date-Modified = {2010-08-10 16:53:34 -0500},
	Doi = {http://doi.acm.org/10.1145/1555754.1555792},
	Isbn = {978-1-60558-526-0},
	Journal = {{Proc.of the 36th Int'l. Symp. on Computer Architecture}},
	Location = {Austin, TX, USA},
	Pages = {290--301},
	Title = {{Thread criticality predictors for dynamic performance, power, and resource management in chip multiprocessors}},
	Year = {2009},
	Bdsk-Url-1 = {http://doi.acm.org/10.1145/1555754.1555792}}

@article{Bianchini2004,
	Author = {Bianchini, R. and Rajamony, R.},
	Date-Added = {2008-05-13 14:39:05 -0500},
	Date-Modified = {2008-12-13 17:53:38 -0600},
	Issn = {0018-9162},
	Journal = {Computer},
	Keywords = {background},
	Number = {11},
	Pages = {68-76},
	Title = {Power and Energy Management for Server Systems},
	Volume = {37},
	Year = {Nov. 2004},
	Bdsk-Url-1 = {http://dx.doi.org/10.1109/MC.2004.217}}

@inproceedings{Bienia2008,
	Acmid = {1454128},
	Address = {New York, NY, USA},
	Author = {Bienia, Christian and Kumar, Sanjeev and Singh, Jaswinder Pal and Li, Kai},
	Booktitle = {Proc. of the 17th Int'l. Conf. on Parallel Architectures and Compilation Techniques},
	Date-Added = {2012-02-01 15:22:05 +0000},
	Date-Modified = {2012-02-01 15:22:21 +0000},
	Doi = {http://doi.acm.org/10.1145/1454115.1454128},
	Isbn = {978-1-60558-282-5},
	Keywords = {benchmark suite, multithreading, performance measurement, shared-memory computers},
	Location = {Toronto, Ontario, Canada},
	Numpages = {10},
	Pages = {72--81},
	Publisher = {ACM},
	Series = {PACT '08},
	Title = {{The PARSEC benchmark suite: characterization and architectural implications}},
	OPTUrl = {http://doi.acm.org/10.1145/1454115.1454128},
	Year = {2008},
	Bdsk-Url-1 = {http://doi.acm.org/10.1145/1454115.1454128}}

@phdthesis{Bienia2011,
	Author = {Christian Bienia},
	Date-Modified = {2011-12-13 15:09:16 +0000},
	Month = {January},
	School = {Princeton University},
	Title = {{Benchmarking Modern Multiprocessors}},
	Year = {2011}}

@techreport{Bircher2004,
	Author = {W.L. Bircher and Jason Law and Wadhavi Valluri and L.K. John},
	Date-Added = {2008-05-19 11:10:36 -0500},
	Date-Modified = {2008-05-19 11:15:02 -0500},
	Institution = {The University of Texas at Austin},
	Month = {November},
	Number = {TR-041104-01},
	Title = {{Effective use of performance monitoring counters for run-time prediction of power}},
	Year = {2004},
	Bdsk-Url-1 = {http://lca.ece.utexas.edu/pubs/UT_LCA_TR_041104-01.pdf}}

@article{Bircher2007,
	Address = {Los Alamitos, CA, USA},
	Author = {W.L. Bircher and L.K. John},
	Date-Added = {2008-05-17 18:34:42 -0500},
	Date-Modified = {2008-12-13 17:53:38 -0600},
	Isbn = {1-4244-1081-9},
	Journal = {Ispass},
	Pages = {158-168},
	Publisher = {IEEE Computer Society},
	Title = {{Complete system power estimation: A trickle-down approach based on performance events}},
	Year = {2007},
	Bdsk-Url-1 = {http://doi.ieeecomputersociety.org/10.1109/ISPASS.2007.363746}}

@inproceedings{Bircher2008,
	Address = {New York, NY, USA},
	Author = {Bircher, W Lloyd and John, Lizy K},
	Booktitle = {{Proc.of the 22nd Int'l. Conf. on Supercomputing}},
	Date-Added = {2011-07-13 16:35:38 -0500},
	Date-Modified = {2011-07-13 16:35:38 -0500},
	Doi = {http://doi.acm.org/10.1145/1375527.1375575},
	Isbn = {978-1-60558-158-3},
	Pages = {327--338},
	Publisher = {ACM},
	Title = {{Analysis of dynamic power management on multi-core processors}},
	Year = 2008,
	Bdsk-Url-1 = {http://doi.acm.org/10.1145/1375527.1375575}}

@article{Bircher2011,
	Author = {Bircher, W. and John, L.},
	Doi = {10.1109/TC.2011.47},
	Issn = {0018-9340},
	Journal = {IEEE Transactions on Computers},
	Title = {{Complete System Power Estimation using Processor Performance Events}},
	Volume = {Pre-print},
	Year = 2011,
	Bdsk-Url-1 = {http://dx.doi.org/10.1109/TC.2011.47}}

@misc{Birrell2008,
	Author = {John Birrell},
	Date-Added = {2011-07-13 16:35:38 -0500},
	Date-Modified = {2011-08-03 13:37:11 +0000},
	Howpublished = {online},
	Lastchecked = {March 2011},
	Title = {{DTrace for FreeBSD}},
	Year = {2008},
	Bdsk-Url-1 = {http://www.bsdcan.org/2008/schedule/events/66.en.html}}

@article{Borkar2011,
	Acmid = {1941507},
	Address = {New York, NY, USA},
	Author = {Borkar, Shekhar and Chien, Andrew A.},
	Doi = {http://doi.acm.org/10.1145/1941487.1941507},
	Issn = {0001-0782},
	Issue = {5},
	Issue_Date = {May 2011},
	Journal = {Communications of the ACM},
	Month = {May},
	Numpages = {11},
	Pages = {67--77},
	Publisher = {ACM},
	Title = {{The Future of Microprocessors}},
	Url = {http://doi.acm.org/10.1145/1941487.1941507},
	Volume = {54},
	Year = {2011},
	Bdsk-Url-1 = {http://doi.acm.org/10.1145/1941487.1941507}}

@misc{Bose2011,
	Author = {Bose, P. and Cher, C.Y. and Franke, H. and Hamann, H. and Kursun, E. and Weger, A.J.},
	Date-Added = {2011-08-03 19:15:48 +0000},
	Date-Modified = {2011-08-03 19:16:00 +0000},
	Month = feb # {~8},
	Note = {US Patent 7,886,172},
	Publisher = {Google Patents},
	Title = {Method of virtualization and OS-level thermal management and multithreaded processor with virtualization and OS-level thermal management},
	Year = {2011}}

@book{Bowman1997,
	Author = {Bowman, A. and A. Azzalini},
	Publisher = {Oxford University Press},
	Title = {{Applied Smoothing Techniques for Data Analysis: The Kernel Approach with S-Plus Illustrations}},
	Year = 1997}

@book{Box1994,
	Address = {New York, NY, USA},
	Author = {G.E.P. Box and G.M. Jenkins and G.C. Reinsel},
	Date-Added = {2010-08-01 09:28:49 -0500},
	Date-Modified = {2010-08-01 09:28:49 -0500},
	Publisher = {Prentice Hall},
	Title = {Time Series Analysis, Forecasting and Control},
	Year = {1994}}

@article{Brochard2010,
	Affiliation = {Systems and Technology Group, IBM, Bois-Colombes, France},
	Author = {Brochard, Luigi and Panda, Raj and Vemuganti, Sid},
	Issn = {1865-2034},
	Issue = {3},
	Journal = {{Computer Science -- Research and Development}},
	Keyword = {powermodel, Computer Science},
	Note = {10.1007/s00450-010-0123-3},
	Pages = {135-140},
	Publisher = {Springer Berlin / Heidelberg},
	Title = {{Optimizing Performance and Energy of HPC Applications on POWER7}},
	Volume = {25},
	Year = {2010}}

@article{Brochard2010b,
	Affiliation = {Systems and Technology Group, IBM, Bois-Colombes, France},
	Author = {Brochard, Luigi and Panda, Raj and Vemuganti, Sid},
	Issn = {1865-2034},
	Issue = {3},
	Journal = {Computer Science - Research and Development},
	Keyword = {Computer Science},
	Note = {10.1007/s00450-010-0123-3},
	Pages = {135-140},
	Publisher = {Springer Berlin / Heidelberg},
	Title = {{Optimizing performance and energy of HPC applications on POWER7}},
	OPTUrl = {http://dx.doi.org/10.1007/s00450-010-0123-3},
	Volume = {25},
	Year = {2010},
	Bdsk-Url-1 = {http://dx.doi.org/10.1007/s00450-010-0123-3}}

@article{Brooks2000,
	Author = {Brooks, D. and Tiwari, V. and Martonosi, M.},
	Date-Added = {2008-05-22 11:23:50 -0500},
	Date-Modified = {2008-05-22 11:24:02 -0500},
	Journal = {{Proc. of the 27th Int'l Symp. on Computer Architecture}},
	Pages = {83--94},
	Publisher = {ACM Press New York, NY, USA},
	Title = {{Wattch: a framework for architectural-level power analysis and optimizations}},
	Year = {2000}}

@article{Bunde2006,
	Author = {Bunde, David P},
	Date-Added = {2011-07-13 16:35:38 -0500},
	Date-Modified = {2011-07-13 16:35:38 -0500},
	Doi = {http://doi.acm.org/10.1145/1148109.1148140},
	Journal = {Proc. of the 18th ACM Symp. on Parallelism in Algorithms and Architecture},
	Pages = {190--196},
	Title = {{Power-aware scheduling for makespan and flow}},
	Year = 2006,
	Bdsk-Url-1 = {http://doi.acm.org/10.1145/1148109.1148140}}

@article{Bunde2009,
	Author = {Bunde, David},
	Date-Added = {2011-07-13 16:35:38 -0500},
	Date-Modified = {2011-07-13 16:35:38 -0500},
	Issn = {1094-6136},
	Journal = {Journal of Scheduling},
	Number = 5,
	Pages = {489--500},
	Publisher = {Springer Netherlands},
	Title = {{Power-aware scheduling for makespan and flow}},
	OPTUrl = {http://dx.doi.org/10.1007/s10951-009-0123-y},
	Volume = 12,
	Year = 2009,
	Annote = {10.1007/s10951-009-0123-y},
	Bdsk-Url-1 = {http://dx.doi.org/10.1007/s10951-009-0123-y}}

@article{Casavant2002,
	Author = {Casavant, T.L. and Kuhl, J.G.},
	Date-Added = {2011-07-13 16:35:38 -0500},
	Date-Modified = {2011-07-13 16:35:38 -0500},
	Issn = {0098-5589},
	Journal = {IEEE Transactions on Software Engineering},
	Number = 2,
	Pages = {141--154},
	Publisher = {IEEE},
	Title = {{A taxonomy of scheduling in general-purpose distributed computing systems}},
	Volume = 14,
	Year = 2002}

@article{Chan2009,
	Author = {Chan, Ho-Leung and Chan, Joseph Wun-Tat and Lam, Tak-Wah and Lee, Lap-Kei and Mak, Kin-Sum and Wong, Prudence W. H.},
	Date-Added = {2011-07-13 16:35:38 -0500},
	Date-Modified = {2011-08-03 13:49:40 +0000},
	Issn = {1549-6325},
	Journal = {ACM Transactions on Algorithms},
	Keywords = {undefined},
	Number = 1,
	Title = {{Optimizing Throughput and Energy in Online Deadline Scheduling}},
	Volume = 6,
	Year = 2009,
	Bdsk-Url-1 = {http://portal.acm.org/citation.cfm?id=1644025}}

@article{Chaparro2004,
	Author = {Chaparro, P and Gonzalez, J},
	Date-Added = {2011-07-13 16:35:38 -0500},
	Date-Modified = {2011-07-13 16:35:38 -0500},
	Journal = {Proc. of the 2004 IEEE Int'l. Conf. on Computer Design: VLSI in Computers and Processors},
	Month = jan,
	Title = {{Thermal-aware clustered microarchitectures}},
	OPTUrl = {http://ieeexplore.ieee.org/xpls/abs\_all.jsp?arnumber=1347897},
	Year = 2004,
	Bdsk-Url-1 = {http://ieeexplore.ieee.org/xpls/abs%5C_all.jsp?arnumber=1347897}}

@article{Chaparro2007,
	Address = {Los Alamitos, CA, USA},
	Author = {Pedro Chaparro and Jos{\'e} Gonz{\'a}lez and Grigorios Magklis and Qiong Cai and Antonio Gonz{\'a}lez},
	Date-Added = {2008-10-03 11:18:46 -0500},
	Date-Modified = {2008-12-13 17:53:38 -0600},
	Issn = {1045-9219},
	Journal = {{IEEE Transactions on Parallel and Distributed Systems}},
	Number = {8},
	Pages = {1055-1065},
	Publisher = {IEEE Computer Society},
	Title = {Understanding the Thermal Implications of Multi-Core Architectures},
	Volume = {18},
	Year = {2007},
	Bdsk-Url-1 = {http://doi.ieeecomputersociety.org/10.1109/TPDS.2007.1092}}

@article{Cheng1990,
	Author = {Cheng, K.T. and Agrawal, VD},
	Date-Added = {2008-05-14 17:30:13 -0500},
	Date-Modified = {2008-05-17 14:05:15 -0500},
	Journal = {Proc. of the 27th ACM/IEEE Design Automation Conference},
	Keywords = {CAD},
	Pages = {302--305},
	Title = {{An entropy measure for the complexity of multi-output Boolean functions}},
	Year = {1990}}

@article{Cher2011,
	Acmid = 1953000,
	Address = {New York, NY, USA},
	Articleno = 2,
	Author = {Cher, Chen-Yong and Kursun, Eren},
	Date-Added = {2011-07-13 16:35:38 -0500},
	Date-Modified = {2011-10-20 14:59:15 +0000},
	Doi = {http://doi.acm.org/10.1145/1952998.1953000},
	Issn = {1544-3566},
	Issue = 1,
	Issue_Date = {April 2011},
	Journal = {{ACM Trans. on Architecture and Code Optimization}},
	Keywords = {Temperature management, multicore architectures, temperature-aware scheduling, thermal efficiency, thermal imaging, thermal variation},
	Month = {February},
	Numpages = 22,
	Pages = {2:1--2:22},
	Publisher = {ACM},
	Title = {{Exploring the effects of on-chip thermal variation on high-performance multicore architectures}},
	OPTUrl = {http://doi.acm.org/10.1145/1952998.1953000},
	Volume = 8,
	Year = 2011,
	Bdsk-Url-1 = {http://doi.acm.org/10.1145/1952998.1953000}}

@article{Choi2007,
	Author = {Choi, Jeonghwan and Cher, Chen-Yong and Franke, Hubertus and Hamann, Henrdrik and Weger, Alan and Bose, Pradip},
	Date-Added = {2011-07-13 16:35:38 -0500},
	Date-Modified = {2011-07-13 16:35:38 -0500},
	Doi = {http://doi.acm.org/10.1145/1283780.1283826},
	Journal = {Proc. of the ACM Int'l Symp. on Low Power Electronics and Design},
	Pages = {213--218},
	Title = {{Thermal-aware task scheduling at the system software level}},
	OPTUrl = {http://doi.acm.org/10.1145/1283780.1283826},
	Year = 2007,
	Bdsk-Url-1 = {http://doi.acm.org/10.1145/1283780.1283826}}

@article{Choi2008,
	Author = {Choi, J and Govindan, S and Urgaonkar, B and Sivasubramaniam, A},
	Date-Added = {2011-07-13 16:35:38 -0500},
	Date-Modified = {2011-07-13 16:35:38 -0500},
	Journal = {Proc. of the 2008 IEEE Int'l Symp. on Modeling, Analysis, and Simulation of Computers and Telecommunication Systems},
	Pages = 150,
	Title = {{Profiling, prediction, and capping of power consumption in consolidated environments}},
	Volume = 100,
	Year = 2008}

@article{Chrobak2008,
	Author = {Chrobak, M and Durr, C and Hurand, M and Robert, J},
	Date-Added = {2011-07-13 16:35:38 -0500},
	Date-Modified = {2011-07-13 16:35:38 -0500},
	Doi = {10.1007/978-3-540-68880-8\_13},
	Journal = {Lecture Notes in Computer Science},
	Title = {{Algorithms for Temperature-Aware Task Scheduling in Microprocessor Systems}},
	Volume = {5034/2008},
	Year = 2008,
	Bdsk-Url-1 = {http://dx.doi.org/10.1007/978-3-540-68880-8%5C_13}}

@article{Chung2010,
	Acmid = 1883401,
	Address = {Oxford, UK},
	Author = {Chung, Sung Woo and Lee, Hsien-Hsin S. and Lee, Woo Hyong},
	Date-Added = {2011-07-13 16:35:38 -0500},
	Date-Modified = {2011-07-13 16:35:38 -0500},
	Doi = {http://dx.doi.org/10.1093/comjnl/bxq041},
	Issn = {0010-4620},
	Issue = 8,
	Journal = {Comput. J.},
	Month = {October},
	Numpages = 2,
	Pages = {1134--1135},
	Publisher = {Oxford University Press},
	Title = {Architecture/OS Support for Embedded Multi-core Systems},
	OPTUrl = {http://dx.doi.org/10.1093/comjnl/bxq041},
	Volume = 53,
	Year = 2010,
	Bdsk-Url-1 = {http://dx.doi.org/10.1093/comjnl/bxq041}}

@misc{Cisco2010,
	Author = {Cisco Systems, Inc},
	Howpublished = {white paper},
	Month = {June},
	Title = {{Using SPEC CPU2006 Benchmark Results To Compare the Compute Performance of Servers}},
	Url = {http://www.cisco.com/en/US/solutions/collateral/ns340/ns517/ns224/ns944/SPECCPU2006_overview.pdf},
	Year = 2010,
	Bdsk-Url-1 = {http://www.cisco.com/en/US/solutions/collateral/ns340/ns517/ns224/ns944/SPECCPU2006_overview.pdf}}

@inproceedings{Cochran2010,
	Acmid = 1837292,
	Address = {New York, NY, USA},
	Author = {Cochran, Ryan and Reda, Sherief},
	Booktitle = {Proc. of the 47th Design Automation Conference},
	Date-Added = {2011-07-13 16:35:38 -0500},
	Date-Modified = {2011-07-13 16:35:38 -0500},
	Doi = {http://doi.acm.org/10.1145/1837274.1837292},
	Isbn = {978-1-4503-0002-5},
	Keywords = {DVFS, multicore systems, proactive control, thermal prediction, thermal sensing, workload phase},
	Location = {Anaheim, California},
	Numpages = 6,
	Pages = {62--67},
	Publisher = {ACM},
	Series = {DAC '10},
	Title = {Consistent runtime thermal prediction and control through workload phase detection},
	OPTUrl = {http://doi.acm.org/10.1145/1837274.1837292},
	Year = 2010,
	Bdsk-Url-1 = {http://doi.acm.org/10.1145/1837274.1837292}}

@inproceedings{Cochran2011,
	Author = {Cochran, R. and Hankendi, C. and Coskun, A. and Reda, S.},
	Booktitle = {Proc. of the 2011 IEEE/ACM International Conference on Computer-Aided Design (ICCAD)},
	Date-Added = {2012-02-09 23:01:02 +0000},
	Date-Modified = {2012-02-09 23:01:14 +0000},
	Doi = {10.1109/ICCAD.2011.6105393},
	Issn = {1092-3152},
	Keywords = {DVFS settings;L1-regularization;energy optimization;hardware parallelism;multicore processors;multinomial logistic regression models;objective functions;optimal energy-efficient operating point identification;optimal system operating points;parallel workloads;resource stalls;thread interactions;multiprocessing systems;power aware computing;regression analysis;},
	Month = {nov.},
	Pages = {608 -615},
	Title = {Identifying the optimal energy-efficient operating points of parallel workloads},
	Year = {2011},
	Bdsk-Url-1 = {http://dx.doi.org/10.1109/ICCAD.2011.6105393}}

@inproceedings{Contreras2005,
	Address = {New York, NY, USA},
	Author = {Gilberto Contreras and Margaret Martonosi},
	Booktitle = {{Proc. of the 2005 Int'l Symp. on Low Power Electronics and Design}},
	Date-Added = {2008-05-20 10:54:48 -0500},
	Date-Modified = {2009-01-30 10:17:44 -0600},
	Isbn = {1-59593-137-6},
	Pages = {221--226},
	Publisher = {ACM},
	Title = {{Power prediction for Intel XScale\textregistered~processors using performance monitoring unit events}},
	Year = {2005},
	Bdsk-Url-1 = {http://doi.acm.org/10.1145/1077603.1077657}}

@article{Conway2007,
	Author = {Conway, P. and Hughes, B.},
	Date-Added = {2008-05-20 14:30:52 -0500},
	Date-Modified = {2008-12-13 17:53:38 -0600},
	Issn = {0272-1732},
	Journal = {IEEE Micro},
	Keywords = {buffer storage, computer architecture, microprocessor chips, multiprocessing systems, resource allocationAMD Opteron northbridge architecture, AMD opteron processor, hypertransport-based processor interface, memory controller, memory hierarchy, operating performance, system interconnect, system topology, times86-64 CMP architecture},
	Number = {2},
	Pages = {10-21},
	Title = {{The AMD Opteron Northbridge Architecture}},
	Volume = {27},
	Year = {March-April 2007},
	Bdsk-Url-1 = {http://dx.doi.org/10.1109/MM.2007.43}}

@article{Coskun2007,
	Author = {Coskun, A K and Rosing, T S and Whisnant, K},
	Date-Added = {2011-07-13 16:35:38 -0500},
	Date-Modified = {2011-07-13 16:35:38 -0500},
	File = {:Users/awl8049/Library/Application Support/Mendeley Desktop/Downloaded/Coskun, Rosing, Whisnant - 2007 - Temperature Aware Task Scheduling in MPSoCs.pdf:pdf},
	Journal = {{Proc. of the 2007 Design, Automation \{\&\} Test in Europe Conference \{\&\} Exhibition}},
	Keywords = {deep submicron circuits, dynamic scheduling, dynamic thread migration, multiprocessor systems on a chip, processor scheduling, reactive strategies, scheduling policies, state-of-art schedulers, system-on-chipMPSoC, task scheduling, temperature aware, temperature measurements,multiprocessing systems},
	Month = apr,
	Pages = {1--6},
	Title = {{Temperature Aware Task Scheduling in MPSoCs}},
	OPTUrl = {http://dx.doi.org/10.1109/DATE.2007.364540},
	Year = 2007,
	Bdsk-Url-1 = {http://dx.doi.org/10.1109/DATE.2007.364540}}

@article{Coskun2008,
	Author = {Coskun, Ayse Kivilcim and Rosing, Tajana Simunic and Gross, Kenny C.},
	Date-Added = {2010-08-01 09:28:49 -0500},
	Date-Modified = {2010-08-10 16:54:16 -0500},
	Journal = {{Proc. of the 2008 IEEE/ACM Int'l. Conf. on Computer-Aided Design}},
	Location = {San Jose, California},
	Pages = {250--257},
	Title = {{Proactive temperature balancing for low cost thermal management in MPSoCs}},
	Year = {2008}}

@article{Coskun2008a,
	Author = {Coskun, Ayse Kivilcim and Rosing, Tajana Simunic and Whisnant, Keith A and Gross, Kenny C},
	Date-Added = {2011-07-13 16:35:38 -0500},
	Date-Modified = {2011-07-13 16:35:38 -0500},
	Journal = {Proc. of the 2008 Asia and South Pacific Design Automation Conference},
	Pages = {49--54},
	Title = {{Temperature-aware MPSoC scheduling for reducing hot spots and gradients}},
	Year = 2008}

@article{Coskun2008b,
	Author = {Coskun, A.K. and Rosing, T.T. and Whisnant, K.A. and Gross, K.C.},
	Date-Added = {2011-07-13 16:35:38 -0500},
	Date-Modified = {2011-07-13 16:35:38 -0500},
	Doi = {10.1109/TVLSI.2008.2000726},
	Issn = {1063-8210},
	Journal = {IEEE Transactions on Very Large Scale Integration (VLSI) Systems},
	Month = sep,
	Number = 9,
	Pages = {1127--1140},
	Title = {{Static and Dynamic Temperature-Aware Scheduling for Multiprocessor SoCs}},
	OPTUrl = {http://ieeexplore.ieee.org/xpl/freeabs\_all.jsp?arnumber=4586432},
	Volume = 16,
	Year = 2008,
	Bdsk-Url-1 = {{http://ieeexplore.ieee.org/xpl/freeabs%5C_all.jsp?arnumber=4586432}},
	Bdsk-Url-2 = {http://dx.doi.org/10.1109/TVLSI.2008.2000726}}

@article{Coskun2008c,
	Author = {Coskun, A K and Rosing, T S and Gross, K C},
	Date-Added = {2011-07-13 16:35:38 -0500},
	Date-Modified = {2011-07-13 16:35:38 -0500},
	Journal = {Proc. of the 45th ACM/IEEE Design Automation Conference},
	Keywords = {distance learning, multicore systems, multiprocessing systems, multiprocessor SoCs, online learning, spatial gradients, system-on-chip, temperature gradients, temperature management, thermal cycles, thermal hot spots, thermal management (packaging)expert policies,electronic engineering education},
	Month = jun,
	Pages = {890--893},
	Title = {{Temperature management in multiprocessor SoCs using online learning}},
	Year = 2008}

@article{Coskun2008d,
	Author = {Coskun, Ayse Kivilcim and Rosing, Tajana Simunic and Whisnant, Keith A and Gross, Kenny C},
	Date-Added = {2011-07-13 16:35:38 -0500},
	Date-Modified = {2011-07-13 16:35:38 -0500},
	Doi = {http://dx.doi.org/10.1109/TVLSI.2008.2000726},
	File = {:Users/awl8049/Library/Application Support/Mendeley Desktop/Downloaded/Coskun et al. - 2008 - Static and dynamic temperature-aware scheduling for multiprocessor \{SoCs\}.pdf:pdf},
	Journal = {IEEE Transactions on Very Large Scale Integration (VLSI) Systems},
	Number = 9,
	Pages = {1127--1140},
	Title = {Static and dynamic temperature-aware scheduling for multiprocessor {SoCs}},
	Url = {http://dx.doi.org/10.1109/TVLSI.2008.2000726},
	Volume = 16,
	Year = 2008,
	Bdsk-Url-1 = {http://dx.doi.org/10.1109/TVLSI.2008.2000726}}

@article{Coskun2008e,
	Author = {Coskun, A and Rosing, T and Gross, K},
	Date-Added = {2011-07-13 16:35:38 -0500},
	Date-Modified = {2011-07-13 16:35:38 -0500},
	Journal = {Proceeding of the 13th Int'l. Symp. on Low Power Electronics and Design},
	Month = jan,
	Title = {{Proactive temperature management in MPSoCs}},
	OPTUrl = {http://portal.acm.org/citation.cfm?id=1393966},
	Year = 2008,
	Bdsk-Url-1 = {http://portal.acm.org/citation.cfm?id=1393966}}

@article{Coskun2009,
	Affiliation = {Piscataway, NJ, USA},
	Author = {Ayse Kivilcim Coskun and Tajana Rosing and Kenny C Gross},
	Date-Added = {2010-08-01 09:28:49 -0500},
	Date-Modified = {2010-08-01 09:28:49 -0500},
	Doi = {http://dx.doi.org/10.1109/TCAD.2009.2026357},
	Journal = {IEEE Transactions on Computer-Aided Design of Integrated Circuits and Systems},
	Keywords = {energy management, processor scheduling, prediction methods, thermal factors, temperature control},
	Month = {Oct},
	Pages = {1503--1516},
	Rating = {0},
	Title = {Utilizing predictors for efficient thermal management in multiprocessor SoCs},
	Uri = {papers://29A695D8-9431-4F2A-A5D6-CFC24651882A/Paper/p182},
	OPTUrl = {http://dx.doi.org/10.1109/TCAD.2009.2026357},
	Volume = 28,
	Year = 2009,
	Bdsk-Url-1 = {http://dx.doi.org/10.1109/TCAD.2009.2026357}}

@phdthesis{Coskun2009a,
	Author = {Coskun, A K},
	Booktitle = {PhD Thesis},
	Date-Added = {2011-07-13 16:35:38 -0500},
	Date-Modified = {2011-07-13 16:35:38 -0500},
	Title = {{Efficient Thermal Management for Multiprocessor Systems}},
	OPTUrl = {http://seelab.ucsd.edu/papers/thesis/acoskun\_thesis09.pdf},
	Year = 2009,
	Bdsk-Url-1 = {http://seelab.ucsd.edu/papers/thesis/acoskun%5C_thesis09.pdf}}

@article{Coskun2009b,
	Author = {Coskun, Ayse K and Strong, Richard and Tullsen, Dean M and Rosing, Tajana Simunic},
	Date-Added = {2011-07-13 16:35:38 -0500},
	Date-Modified = {2011-07-13 16:35:38 -0500},
	Doi = {http://doi.acm.org/10.1145/1555349.1555369},
	File = {:Users/awl8049/Library/Application Support/Mendeley Desktop/Downloaded/Coskun et al. - 2009 - Evaluating the impact of job scheduling and power management on processor lifetime for chip multiprocessors.pdf:pdf},
	Journal = {Proc. of the 11th Int'l Joint Conf. on Measurement and Modeling of Computer Systems},
	Pages = {169--180},
	Title = {{Evaluating the impact of job scheduling and power management on processor lifetime for chip multiprocessors}},
	OPTUrl = {http://doi.acm.org/10.1145/1555349.1555369},
	Year = 2009,
	Bdsk-Url-1 = {http://doi.acm.org/10.1145/1555349.1555369}}

@misc{Coskun2010a,
	Author = {Coskun, A.K. and Urmanov, A.M. and Gross, K.C. and Whisnant, K.A.},
	Date-Added = {2011-08-03 19:14:08 +0000},
	Date-Modified = {2011-08-03 19:15:20 +0000},
	Month = may # {~11},
	Note = {US Patent 7,716,006},
	Publisher = {Google Patents},
	Title = {{Workload Scheduling in Multi-core Processors}},
	Year = {2010}}

@inproceedings{Cuesta2010,
	Author = {Cuesta, D. and Ayala, J.L. and Hidalgo, J.I. and Atienza, D. and Acquaviva, A. and Macii, E.},
	Booktitle = {Proc. of the  2010 IEEE Computer Society Annual Symposium on VLSI (ISVLSI)},
	Doi = {10.1109/ISVLSI.2010.39},
	Keywords = {MPSoC;adaptive task migration policy;deep submicron circuit;embedded multiprocessor system;high temperature;multiprocessor systems;temperature gradient;thermal aware task migration technique;thermal control;thermal distribution;thermal management;microprocessor chips;multiprocessing systems;system-on-chip;thermal management (packaging);},
	Month = {july},
	Pages = {110 -115},
	Title = {{Adaptive task migration policies for thermal control in MPSoCs}},
	Year = 2010,
	Bdsk-Url-1 = {http://dx.doi.org/10.1109/ISVLSI.2010.39}}

@article{Cui2009,
	Author = {Cui, Jin and Maskell, Douglas L.},
	Date-Added = {2011-07-13 16:35:38 -0500},
	Date-Modified = {2011-07-13 16:35:38 -0500},
	Journal = {Proc. of the 2011 Great Lakes Symposium on VLSI},
	Keywords = {cmp,dynamic tas,post thermal map,soft real-time},
	Pages = {393--396},
	Title = {{Dynamic thermal-aware scheduling on chip multiprocessor for soft real-time system}},
	OPTUrl = {http://portal.acm.org/citation.cfm?id=1531542.1531631},
	Year = 2009,
	Bdsk-Url-1 = {http://portal.acm.org/citation.cfm?id=1531542.1531631}}

@inproceedings{Cui2010,
	Acmid = 1899903,
	Address = {Piscataway, NJ, USA},
	Author = {Cui, Jin and Maskell, Douglas L.},
	Booktitle = {Proc. of the 2010 Asia and South Pacific Design Automation Conference},
	Date-Added = {2011-07-13 16:35:38 -0500},
	Date-Modified = {2011-07-13 16:35:38 -0500},
	Isbn = {978-1-60558-837-7},
	Location = {Taipei, Taiwan},
	Numpages = 6,
	Pages = {793--798},
	Publisher = {IEEE Press},
	Series = {ASPDAC '10},
	Title = {High level event driven thermal estimation for thermal aware task allocation and scheduling},
	OPTUrl = {http://portal.acm.org/citation.cfm?id=1899721.1899903},
	Year = 2010,
	Bdsk-Url-1 = {http://portal.acm.org/citation.cfm?id=1899721.1899903}}

@article{Curtis-Maury2008,
	Author = {Curtis-Maury, M. and Blagojevic, F. and Antonopoulos, C.D. and Nikolopoulos, D.S.},
	Date-Added = {2011-07-13 16:35:38 -0500},
	Date-Modified = {2011-07-13 16:35:38 -0500},
	Doi = {10.1109/TPDS.2007.70804},
	Issn = {1045-9219},
	Journal = {IEEE Transactions on Parallel and Distributed Systems},
	Month = oct,
	Number = 10,
	Pages = {1396--1410},
	Title = {{Prediction-Based Power-Performance Adaptation of Multithreaded Scientific Codes}},
	OPTUrl = {http://ieeexplore.ieee.org/xpl/freeabs\_all.jsp?arnumber=4407685},
	Volume = 19,
	Year = 2008,
	Bdsk-Url-1 = {http://ieeexplore.ieee.org/xpl/freeabs%5C_all.jsp?arnumber=4407685},
	Bdsk-Url-2 = {http://dx.doi.org/10.1109/TPDS.2007.70804}}

@inproceedings{CurtisMaury2006,
	Address = {New York, NY, USA},
	Author = {Matthew Curtis-Maury and James Dzierwa and Christos D. Antonopoulos and Dimitrios S. Nikolopoulos},
	Booktitle = {{Proc. of the 20th Int'l Conf. on Supercomputing}},
	Date-Added = {2008-03-04 11:16:08 -0600},
	Date-Modified = {2008-12-13 17:53:38 -0600},
	Isbn = {1-59593-282-8},
	Keywords = {Memory},
	Location = {Cairns, Queensland, Australia},
	Pages = {157--166},
	Publisher = {ACM},
	Title = {{Online power-performance adaptation of multithreaded programs using hardware event-based prediction}},
	Year = {2006},
	Bdsk-Url-1 = {http://doi.acm.org/10.1145/1183401.1183426}}

@TechReport{DOE2011,
  author = 	 {Linter, William and Bill Tschudi and Otto VanGeet},
  title = 	 {{Best Practices Guide for Energy-Efficent Data Center Design}},
  institution =  {U.S. Dept. of Energy},
  year = 	 2011,
  month = 	 March,
  OPTUrl = {http://www1.eere.energy.gov/femp/pdfs/eedatacenterbestpractices.pdf}}

@inproceedings{DavisRivoire2011,
	Author = {John Davis and Suzanne Rivoire and Moises Goldszmidt and Ehsan Ardestani},
	Booktitle = {{Proc. of the 2nd Exascle Evaluation and Research Techniques Workshop}},
	Date-Added = {2011-07-13 16:35:38 -0500},
	Date-Modified = {2011-07-13 16:35:38 -0500},
	Month = {March},
	Title = {Accounting for variability in large-scale cluster power models},
	OPTUrl = {http://research.microsoft.com/pubs/146087/EXERT_Variability_CR3.pdf},
	Year = 2011,
	Bdsk-Url-1 = {http://research.microsoft.com/pubs/146087/EXERT_Variability_CR3.pdf}}

@inproceedings{Demme2011,
	Author = {Demme, John and Simha Sethumadhavan},
	Booktitle = {{Proc. of the 38th Int'l Symp. on Computer Architecture}},
	Date-Added = {2011-07-13 16:35:38 -0500},
	Date-Modified = {2011-07-13 16:35:38 -0500},
	Month = {June},
	Title = {{Rapid identification of architectural bottlenecks via precise event counting}},
	OPTUrl = {http://castl.cs.columbia.edu/limit/images/c/c3/Limit.pdf},
	Year = 2011,
	Bdsk-Url-1 = {http://castl.cs.columbia.edu/limit/images/c/c3/Limit.pdf}}

@article{Dhiman2010,
	Acmid = 1870115,
	Address = {New York, NY, USA},
	Articleno = 6,
	Author = {Dhiman, Gaurav and Marchetti, Giacomo and Rosing, Tajana},
	Date-Added = {2011-07-13 16:35:38 -0500},
	Date-Modified = {2011-07-13 16:35:38 -0500},
	Doi = {http://doi.acm.org/10.1145/1870109.1870115},
	Issn = {1084-4309},
	Issue = 1,
	Journal = {ACM Trans. Des. Autom. Electron. Syst.},
	Keywords = {Virtualization, energy, migration, workload characterization},
	Month = {November},
	Numpages = 27,
	Pages = {6:1--6:27},
	Publisher = {ACM},
	Title = {VGreen: A System for Energy-Efficient Management of Virtual Machines},
	OPTUrl = {http://doi.acm.org/10.1145/1870109.1870115},
	Volume = 16,
	Year = 2010,
	Bdsk-Url-1 = {http://doi.acm.org/10.1145/1870109.1870115}}

@inproceedings{Diniz2007,
	Address = {New York, NY, USA},
	Author = {Bruno Diniz and Dorgival Guedes and Wagner Meira, Jr. and Ricardo Bianchini},
	Booktitle = {Proc, of the 34th Int'l Symp. on Computer Architecture},
	Date-Added = {2008-05-13 19:49:29 -0500},
	Date-Modified = {2008-12-13 17:53:38 -0600},
	Isbn = {978-1-59593-706-3},
	Keywords = {Memory},
	Location = {San Diego, California, USA},
	Pages = {290--301},
	Publisher = {ACM},
	Title = {{Limiting the power consumption of main memory}},
	Year = 2007}

@inproceedings{Donald2006,
	Address = {Washington, DC, USA},
	Author = {James Donald and Margaret Martonosi},
	Booktitle = {{Proc. of the 33rd Int'l Symp. on Computer Architecture}},
	Date-Added = {2008-03-19 09:25:40 -0500},
	Date-Modified = {2008-12-13 17:53:38 -0600},
	Isbn = {0-7695-2608-X},
	Keywords = {background},
	Pages = {78--88},
	Publisher = {IEEE Computer Society},
	Title = {{Techniques for multicore thermal management: classification and new exploration}},
	Year = {2006},
	Bdsk-Url-1 = {http://dx.doi.org/10.1109/ISCA.2006.39}}

@techreport{Drongowksi2006,
	Author = {Drongowski2006},
	Date-Added = {2008-06-16 10:19:14 -0500},
	Date-Modified = {2008-06-16 10:21:15 -0500},
	Institution = {AMD},
	Month = {December},
	Title = {{Basic Performance Measurements for AMD Athlon 64 and AMD Opteron Processors}},
	Year = {2006},}

@article{Dudacek2008,
	Author = {Dudacek, K.},
	Date-Added = {2008-08-15 01:16:15 -0500},
	Date-Modified = {2008-12-13 17:53:38 -0600},
	Journal = {{Proc. of the 11th IEEE Workshop on Design and Diagnostics of Electronic Circuits and Systems}},
	Keywords = {clocks, energy consumption, power aware computingRTOS environment, aperiodic tasks server, dynamic voltage scaling, energy consumption minimization, server energy consumption, software controlled main clock generation circuits},
	Month = {April},
	Pages = {1-4},
	Title = {On Minimizing RTOS Aperiodic Tasks Server Energy Consumption},
	Year = {2008},
	Bdsk-Url-1 = {http://dx.doi.org/10.1109/DDECS.2008.4538772}}

@inproceedings{Economou2006,
	Author = {Economou, D. and Rivoire, S. and Kozyrakis, C. and Ranganathan, P.},
	Booktitle = {Proc. of the 2008 Workshop on Modeling Benchmarking and Simulation},
	Date-Added = {2008-03-19 13:48:55 -0500},
	Date-Modified = {2008-12-13 17:53:38 -0600},
	Keywords = {SystemMetrics},
	Title = {{Full-system power analysis and modeling for server environments}},
	Year = 2006,
	Bdsk-Url-1 = {http://csl.stanford.edu/~christos/publications/2006.mantis.mobs.pdf}}

@book{Evans2010,
	Author = {Evans, Jeffrey J.},
	Booktitle = {2010 39th International Conference on Parallel Processing Workshops},
	Date-Added = {2011-07-13 16:35:38 -0500},
	Date-Modified = {2011-07-13 16:35:38 -0500},
	Doi = {10.1109/ICPPW.2010.66},
	Isbn = {978-1-4244-7918-4},
	Month = sep,
	Pages = {445--452},
	Publisher = {IEEE},
	Title = {{On Performance and Energy Management in High Performance Computing Systems}},
	OPTUrl = {http://ieeexplore.ieee.org/xpl/freeabs\_all.jsp?arnumber=5599104},
	Year = 2010,
	Bdsk-Url-1 = {http://ieeexplore.ieee.org/xpl/freeabs%5C_all.jsp?arnumber=5599104},
	Bdsk-Url-2 = {http://dx.doi.org/10.1109/ICPPW.2010.66}}

@article{Eyerman2011,
	Acmid = 1952999,
	Address = {New York, NY, USA},
	Articleno = 1,
	Author = {Eyerman, Stijn and Eeckhout, Lieven},
	Date-Added = {2011-07-13 16:35:38 -0500},
	Date-Modified = {2011-07-13 16:35:38 -0500},
	Doi = {http://doi.acm.org/10.1145/1952998.1952999},
	Issn = {1544-3566},
	Issue = 1,
	Issue_Date = {April 2011},
	Journal = {ACM Trans. Archit. Code Optim.},
	Keywords = {Energy-efficiency, fine-grained DVFS, on-chip voltage regulators},
	Month = {February},
	Numpages = 24,
	Pages = {1:1--1:24},
	Publisher = {ACM},
	Title = {Fine-grained DVFS using on-chip regulators},
	OPTUrl = {http://doi.acm.org/10.1145/1952998.1952999},
	Volume = 8,
	Year = 2011,
	Bdsk-Url-1 = {http://doi.acm.org/10.1145/1952998.1952999}}

@book{Fan1996,
	Address = {London, UK},
	Author = {J. Fan and I. Gijbels},
	Date-Added = {2010-08-01 09:28:49 -0500},
	Date-Modified = {2010-08-01 09:28:49 -0500},
	Publisher = {Chapman \& Hall},
	Title = {{Local Polynomial Modeling and Its Applications}},
	Year = 1996}

@book{Fan2005,
	Address = {New York, NY, USA},
	Author = {Fan, J. and Yao, Q.},
	Date-Added = {2010-08-01 09:28:49 -0500},
	Date-Modified = {2010-08-01 09:28:49 -0500},
	Publisher = {Springer New York},
	Title = {{Nonlinear Time Series}},
	Year = {2005}}

@inproceedings{Fan2007,
	Author = {Xiaobo Fan and Wolf-Dietrich Weber and Luiz Andre Barroso},
	Booktitle = {Proc. of the 34th Int'l Symp. on Computer Architecture},
	Date-Added = {2008-03-19 13:56:32 -0500},
	Date-Modified = {2008-12-13 17:53:38 -0600},
	Isbn = {978-1-59593-706-3},
	Keywords = {SystemMetrics},
	Location = {San Diego, California, USA},
	Pages = {13--23},
	Title = {{Power provisioning for a warehouse-sized computer}},
	Year = 2007,
	Bdsk-Url-1 = {http://doi.acm.org/10.1145/1250662.1250665}}

@techreport{Fedorova2008,
	Author = {Fedorova, A and Seltzer, M and Smith, M D},
	Date-Added = {2011-07-13 16:35:38 -0500},
	Date-Modified = {2011-07-13 16:35:38 -0500},
	Institution = {Harvard University},
	Number = {TR-17-06},
	Title = {{Cache-fair thread scheduling for multi-core processors}},
	Type = {Techical Report},
	OPTUrl = {http://www.eecs.harvard.edu/\~{}fedorova/papers/osdi-2006-submission.pdf},
	Year = 2006,
	Bdsk-Url-1 = {http://www.eecs.harvard.edu/%5C~%7B%7Dfedorova/papers/osdi-2006-submission.pdf}}

@article{Fedorova2009,
	Address = {New York, NY, USA},
	Author = {Fedorova, Alexandra and Saez, Juan Carlos and Shelepov, Daniel and Prieto, Manuel},
	Date-Added = {2010-02-11 21:25:23 -0600},
	Date-Modified = {2010-05-10 22:15:16 -0500},
	Doi = {http://doi.acm.org/10.1145/1610252.1610270},
	Issn = {0001-0782},
	Journal = {Commun. ACM},
	Number = {12},
	Pages = {48--57},
	Publisher = {ACM},
	Title = {Maximizing power efficiency with asymmetric multicore systems},
	Volume = {52},
	Year = {2009},
	Bdsk-Url-1 = {http://doi.acm.org/10.1145/1610252.1610270}}

@inproceedings{Felter2005,
	Address = {New York, NY, USA},
	Author = {Wes Felter and Karthick Rajamani and Tom Keller and Cosmin Rusu},
	Booktitle = {{Proc. of the 19th Annual Int'l Conference on Supercomputing}},
	Date-Added = {2009-01-26 14:04:08 -0600},
	Date-Modified = {2009-01-26 14:04:19 -0600},
	Doi = {http://doi.acm.org/10.1145/1088149.1088188},
	Isbn = {1-59593-167-8},
	Location = {Cambridge, Massachusetts},
	Pages = {293--302},
	Publisher = {ACM},
	Title = {{A performance-conserving approach for reducing peak power consumption in server systems}},
	Year = {2005},
	Bdsk-Url-1 = {http://doi.acm.org/10.1145/1088149.1088188}}

@article{Feng2007,
	Author = {Wu-chun Feng and Cameron, K.W.},
	Date-Added = {2008-12-10 19:44:25 -0600},
	Date-Modified = {2008-12-13 17:53:38 -0600},
	Issn = {0018-9162},
	Journal = {Computer},
	Keywords = {parallel machines, performance evaluation, power aware computingGreen500 List, Internet data center, heat dissipation, high performance computing, power consumption, sustainable supercomputing system},
	Month = {Dec.},
	Number = {12},
	Pages = {50-55},
	School = {The Green500 List: Encouraging Sustainable Supercomputing},
	Volume = {40},
	Year = {2007},
	Bdsk-Url-1 = {http://dx.doi.org/10.1109/MC.2007.445}}

@article{Freeh2007,
	Author = {Freeh, V.W. and Bletsch, T.K. and Rawson, F.L.},
	Date-Added = {2008-08-15 01:16:15 -0500},
	Date-Modified = {2008-12-13 17:53:38 -0600},
	Journal = {{Proc. of the 2007 IEEE Int'l Parallel and Distributed Processing Symposium}},
	Keywords = {chip scale packaging, integrated circuit design, microprocessor chips, multiprocessing systems, power aware computingCPU packing, chip multiprocessor, dynamic voltage and frequency scaling, microprocessors, mobile computing, power management, processors idling, processors offlining},
	Month = {March},
	Pages = {1-8},
	Title = {Scaling and Packing on a Chip Multiprocessor},
	Year = {2007},
	Bdsk-Url-1 = {http://dx.doi.org/10.1109/IPDPS.2007.370539}}

@article{Friedman1991,
	Author = {J. Friedman},
	Date-Added = {2010-08-01 09:28:49 -0500},
	Date-Modified = {2010-08-01 09:28:49 -0500},
	Journal = {Annals of Statistics},
	Pages = {1-142},
	Title = {{Multivariate Adaptive Regression Splines}},
	Volume = {19},
	Year = {1991}}

@inproceedings{Fu2010,
	Author = {Yong Fu and Kottenstette, N. and Yingming Chen and Chenyang Lu and Koutsoukos, X.D. and Hongan Wang},
	Booktitle = {Proc. of the 16th IEEE Real-Time and Embedded Technology and Applications Symposium },
	Date-Added = {2011-07-13 16:35:38 -0500},
	Date-Modified = {2011-07-13 16:35:38 -0500},
	Doi = {10.1109/RTAS.2010.9},
	Issn = {1080-1812},
	Keywords = {feedback thermal control;hardware throttling;processor power consumption;processor temperature;processor temperature control;real-time embedded systems;thermal control under utilization bound;thermal faults;thermal management;embedded systems;feedback;temperature control;},
	Month = april,
	Pages = {111 -120},
	Title = {Feedback thermal control for real-time systems},
	Year = 2010,
	Bdsk-Url-1 = {http://dx.doi.org/10.1109/RTAS.2010.9}}

@inproceedings{Ge2007,
	Address = {Washington, DC, USA},
	Author = {Ge,, Rong and Feng,, Xizhou and Feng,, Wu-chun and Cameron,, Kirk W.},
	Booktitle = {{Proc. of the 2007 Int'l Conference on Parallel Processing}},
	Date-Added = {2009-01-28 13:54:24 -0600},
	Date-Modified = {2009-01-28 13:54:31 -0600},
	Doi = {http://dx.doi.org/10.1109/ICPP.2007.29},
	Isbn = {0-7695-2933-X},
	Pages = {18},
	Publisher = {IEEE Computer Society},
	Title = {{CPU MISER: A performance-directed, run-time system for power-aware clusters}},
	Year = 2007,
	Bdsk-Url-1 = {http://dx.doi.org/10.1109/ICPP.2007.29}}

@article{GeR2007,
	Author = {Rong Ge and Xizhou Feng and Wu-chun Feng and Cameron, K.W.},
	Date-Added = {2011-07-13 16:35:38 -0500},
	Date-Modified = {2011-07-13 16:35:38 -0500},
	Doi = {10.1109/ICPP.2007.29},
	Issn = {0190-3918},
	Journal = {Proc. of the the 2007 Int'l Conf. on Parallel Processing},
	Keywords = {CPU MISER;cluster computing;dynamic voltage frequency scaling;high-end computing systems;performance-directed run-time system;power aware cluster;power management;runtime system;power aware computing;workstation clusters;},
	Month = {sep.},
	Pages = {18 -18},
	Title = {{CPU MISER}: A Performance-Directed, Run-Time System for Power-Aware Clusters},
	Year = 2007,
	Bdsk-Url-1 = {http://dx.doi.org/10.1109/ICPP.2007.29}}

@article{GeR2010,
	Author = {Ge, Rong and Feng, Xizhou and Song, Shuaiwen and Chang, Hung-Ching and Li, Dong and Cameron, K W},
	Date-Added = {2011-07-13 16:35:38 -0500},
	Date-Modified = {2011-07-13 16:35:38 -0500},
	Doi = {10.1109/TPDS.2009.76},
	Issn = {1045-9219},
	Journal = {IEEE Transactions on Parallel and Distributed Systems},
	Keywords = {DVFS scheduling;PowerPack;dynamic voltage and freq},
	Number = 5,
	Pages = {658--671},
	Title = {{PowerPack: Energy Profiling and Analysis of High-Performance Systems and Applications}},
	Volume = 21,
	Year = 2010,
	Bdsk-Url-1 = {http://dx.doi.org/10.1109/TPDS.2009.76}}

@article{GeY2010,
	Author = {Ge, Y and Malani, P and Qiu, Q},
	Date-Added = {2011-07-13 16:35:38 -0500},
	Date-Modified = {2011-07-13 16:35:38 -0500},
	Journal = {Proc. of the 47th ACM/IEEE Design Automation Conference},
	Month = jan,
	Title = {{Distributed task migration for thermal management in many-core systems}},
	OPTUrl = {http://portal.acm.org/citation.cfm?id=1837417},
	Year = 2010,
	Bdsk-Url-1 = {http://portal.acm.org/citation.cfm?id=1837417}}

@inproceedings{GeY2010b,
	Author = {Yang Ge and Qinru Qiu},
	Booktitle = {Green Computing Conference, 2010 International},
	Date-Added = {2011-07-13 16:35:38 -0500},
	Date-Modified = {2011-07-13 16:35:38 -0500},
	Doi = {10.1109/GREENCOMP.2010.5598299},
	Keywords = {chip maximum temperature reduction;fan power;homogenous multicore processor;intelligent fan speed adjustment technique;leakage power;multiagent distributed task migration technique;system power consumption;task allocation;distributed processing;multi-agent systems;multiprocessing systems;power aware computing;},
	Month = aug.,
	Pages = {299 -306},
	Title = {Task allocation for minimum system power in a homogenous multi-core processor},
	Year = 2010,
	Bdsk-Url-1 = {http://dx.doi.org/10.1109/GREENCOMP.2010.5598299}}

@article{Gomaa2004,
	Address = {New York, NY, USA},
	Author = {Gomaa, Mohamed and Powell, Michael D and Vijaykumar, T N},
	Date-Added = {2011-07-13 16:35:38 -0500},
	Date-Modified = {2011-07-13 16:35:38 -0500},
	Doi = {http://doi.acm.org/10.1145/1037949.1024424},
	Issn = {0163-5980},
	Journal = {SIGOPS Oper. Syst. Rev.},
	Number = 5,
	Pages = {260--270},
	Publisher = {ACM},
	Title = {{Heat-and-Run}: leveraging {SMT} and {CMP} to manage power density through the operating system},
	Volume = 38,
	Year = 2004,
	Bdsk-Url-1 = {http://doi.acm.org/10.1145/1037949.1024424}}

@article{Goraczko2008,
	Author = {Goraczko, Michel and Liu, Jie and Lymberopoulos, Dimitrios and Matic, Slobodan and Priyantha, Bodhi and Zhao, Feng},
	Date-Added = {2011-07-13 16:35:38 -0500},
	Date-Modified = {2011-07-13 16:35:38 -0500},
	Journal = {Proc. of the 45th ACM/IEEE Design Automation Conference},
	Pages = {191--196},
	Title = {{Energy-optimal software partitioning in heterogeneous multiprocessor embedded systems}},
	OPTUrl = {http://doi.acm.org/10.1145/1391469.1391518},
	Year = 2008,
	Bdsk-Url-1 = {http://doi.acm.org/10.1145/1391469.1391518}}

@inproceedings{Govindan2009,
	Address = {New York, NY, USA},
	Author = {Govindan, Sriram and Choi, Jeonghwan and Urgaonkar, Bhuvan and Sivasubramaniam, Anand and Baldini, Andrea},
	Booktitle = {EuroSys '09: Proc. of the 4th ACM European conference on Computer systems},
	Date-Added = {2010-08-01 09:28:49 -0500},
	Date-Modified = {2010-08-01 09:28:49 -0500},
	Doi = {http://doi.acm.org/10.1145/1519065.1519099},
	Isbn = {978-1-60558-482-9},
	Location = {Nuremberg, Germany},
	Pages = {317--330},
	Publisher = {ACM},
	Title = {Statistical Profiling-Based Techniques for Effective Power Provisioning In Data Centers},
	Year = {2009},
	Bdsk-Url-1 = {http://doi.acm.org/10.1145/1519065.1519099}}

@article{Gupta2007,
	Author = {Gupta, M.S. and Rangan, K.K. and Smith, M.D. and Gu-Yeon, Wei and Brooks, D.},
	Date-Added = {2011-07-13 16:35:38 -0500},
	Date-Modified = {2012-02-11 15:45:27 +0000},
	Doi = {10.1145/1283780.1283808},
	Journal = {{Proc. of the 2007 ACM/IEEE Int'l. Symp. on Low Power Electronics and Design}},
	Pages = {123--128},
	Title = {{Towards a software approach to mitigate voltage emergencies}},
	OPTUrl = {http://ieeexplore.ieee.org/xpl/freeabs\_all.jsp?arnumber=5514265},
	Year = {2007},
	Bdsk-Url-1 = {http://ieeexplore.ieee.org/xpl/freeabs%5C_all.jsp?arnumber=5514265},
	Bdsk-Url-2 = {http://dx.doi.org/10.1145/1283780.1283808}}

@inproceedings{Gurumurthi2005,
	Author = {Gurumurthi, S. and Sivasubramaniam, A. and Natarajan, V.K.},
	Booktitle = {{Proc. of the 32nd Int'l. Symp. on Computer Architecture}},
	Doi = {10.1109/ISCA.2005.24},
	Issn = {1063-6897},
	Keywords = {IDR growth rate; consumer electronics product; disk drive roadmap; drive reliability; dynamic thermal management; dynamic throttling; heat dissipation; internal data rate; shrinking platter size; cooling; disc drives; thermal management (packaging);},
	Month = {june},
	Pages = {38 - 49},
	Title = {{Disk drive roadmap from the thermal perspective: A case for dynamic thermal management}},
	Year = 2005,
	Bdsk-Url-1 = {http://dx.doi.org/10.1109/ISCA.2005.24}}

@techreport{HT2008,
	Author = {{HyperTransport Technology Consortium}},
	Date-Added = {2008-06-15 11:14:24 -0500},
	Date-Modified = {2008-09-27 16:27:17 -0500},
	Institution = {HyperTransport Technology Consortium},
	Month = {September},
	Number = {3.00c},
	Title = {{HyperTransport I/O Link Specification}},
	Type = {Specification},
	Year = {2007}}

@article{Hamill1992,
	Author = {Hamill, D.C. and Deane, J.H.B. and Jefferies, D.J.},
	Doi = {10.1109/63.124574},
	Issn = {0885-8993},
	Journal = {IEEE Transactions on Power Electronics},
	Keywords = {PWM-controlled buck converter; chaotic DC-DC converters; iterated nonlinear mappings; nonlinear discrete modeling; chaos; nonlinear network analysis; power convertors; pulse width modulation;},
	Month = {jan},
	Number = {1},
	Pages = {25 -36},
	Title = {{Modeling of Chaotic DC-DC Converters by Iterated Nonlinear Mappings}},
	Volume = {7},
	Year = {1992},
	Bdsk-Url-1 = {http://dx.doi.org/10.1109/63.124574}}

@inproceedings{Hamill1997,
	Author = {Hamill, D.C. and Deane, J.H.B. and Aston, P.J.},
	Booktitle = {{IEEE Colloquium on Update on New Power Electronic Techniques (Digest No: 1997/091)}},
	Doi = {10.1049/ic:19970531},
	Keywords = {EMC improvement; chaos; chaotic power converters; electromagnetic compatibility; nonlinear dynamics; peak current controlled boost converter; power converters; power supplies; stabilised operation modes; targeting scheme; DC-DC power convertors;},
	Month = {may},
	Title = {{Some Applications of Chaos In Power Converters}},
	Year = {1997},
	Bdsk-Url-1 = {http://dx.doi.org/10.1049/ic:19970531}}

@inproceedings{Hanson2007,
	Acmid = 1283827,
	Address = {New York, NY, USA},
	Author = {Hanson, Heather and Keckler, Stephen W. and Ghiasi, Soraya and Rajamani, Karthick and Rawson, Freeman and Rubio, Juan},
	Booktitle = {Proc. of the 2007 international symposium on Low power electronics and design},
	Date-Added = {2011-07-13 16:35:38 -0500},
	Date-Modified = {2011-07-13 16:35:38 -0500},
	Doi = {http://doi.acm.org/10.1145/1283780.1283827},
	Isbn = {978-1-59593-709-4},
	Keywords = {DVFS, microprocessor, temperature, thermal management, thermal measurement},
	Location = {Portland, OR, USA},
	Numpages = 6,
	Pages = {219--224},
	Publisher = {ACM},
	Series = {ISLPED '07},
	Title = {{Thermal response to DVFS: analysis with an Intel Pentium M}},
	OPTUrl = {http://doi.acm.org/10.1145/1283780.1283827},
	Year = 2007,
	Bdsk-Url-1 = {http://doi.acm.org/10.1145/1283780.1283827}}

@inproceedings{Heath2005,
	Author = {Taliver Heath and Bruno Diniz and Enrique V. Carrera and Wagner Meira Jr. and Ricardo Bianchini},
	Booktitle = {{Proc. of the 10th ACM SIGPLAN Symp. on Principles and Practice of Parallel Programming}},
	Date-Added = {2009-01-21 13:45:32 -0600},
	Date-Modified = {2010-08-10 16:55:37 -0500},
	Doi = {http://doi.acm.org/10.1145/1065944.1065969},
	Isbn = {1-59593-080-9},
	Location = {Chicago, IL, USA},
	Month = {Sept.},
	Pages = {186--195},
	Title = {{Energy conservation in heterogeneous server clusters}},
	Year = {2005},
	Bdsk-Url-1 = {http://doi.acm.org/10.1145/1065944.1065969}}

@inproceedings{Heath2006,
	Address = {New York, NY, USA},
	Author = {Heath,, Taliver and Centeno,, Ana Paula and George,, Pradeep and Ramos,, Luiz and Jaluria,, Yogesh and Bianchini,, Ricardo},
	Booktitle = {{Proc. of the 12th Int'l Conference on Architectural Support for Programming Languages and Operating Systems}},
	Date-Added = {2009-01-28 14:00:25 -0600},
	Date-Modified = {2009-01-28 14:16:34 -0600},
	Doi = {http://doi.acm.org/10 ddasdfasdf.1145/1168857.1168872},
	Isbn = {1-59593-451-0},
	Location = {San Jose, California, USA},
	Pages = {106--116},
	Publisher = {ACM},
	Title = {{Mercury and Freon: Temperature emulation and management for server systems}},
	Year = {2006},
	Bdsk-Url-1 = {http://doi.acm.org/10.1145/1168857.1168872},
	Bdsk-Url-2 = {http://doi.acm.org/10%20ddasdfasdf.1145/1168857.1168872}}

@article{Henning2006,
	Address = {New York, NY, USA},
	Author = {John L. Henning},
	Date-Added = {2011-07-13 16:35:38 -0500},
	Date-Modified = {2011-07-13 16:35:38 -0500},
	Doi = {http://doi.acm.org/10.1145/1186736.1186737},
	Issn = {0163-5964},
	Journal = {SIGARCH Comp. Archit. News},
	Number = 4,
	Pages = {1--17},
	Publisher = {ACM},
	Title = {{SPEC CPU2006 Benchmark Descriptions}},
	Volume = 34,
	Year = 2006,
	Bdsk-Url-1 = {http://doi.acm.org/10.1145/1186736.1186737}}

@article{Henning2007,
	Acmid = {1241623},
	Address = {New York, NY, USA},
	Author = {Henning, John L.},
	Date-Added = {2011-12-10 03:52:55 +0000},
	Date-Modified = {2011-12-10 03:53:09 +0000},
	Doi = {http://doi.acm.org/10.1145/1241601.1241623},
	Issn = {0163-5964},
	Issue = {1},
	Journal = {SIGARCH Comput. Archit. News},
	Month = {March},
	Numpages = {4},
	Pages = {118--121},
	Publisher = {ACM},
	Title = {Performance counters and development of SPEC CPU2006},
	OPTUrl = {http://doi.acm.org/10.1145/1241601.1241623},
	Volume = {35},
	Year = {2007},
	Bdsk-Url-1 = {http://doi.acm.org/10.1145/1241601.1241623}}

@article{Higgs2007,
	Author = {Higgs, T.},
	Date-Added = {2008-08-15 01:16:15 -0500},
	Date-Modified = {2008-12-13 17:53:38 -0600},
	Issn = {1095-2020},
	Journal = {{Proc. of the 2007 IEEE International Symposium on Electronics \& the Environment }},
	Keywords = {power aware computingPC, battery lives, communications devices, data centers, energy efficient computing, servers, versatile mobile devices},
	Month = {May},
	Pages = {210-215},
	Title = {Energy Efficient Computing},
	Year = 2007,
	Bdsk-Url-1 = {http://dx.doi.org/10.1109/ISEE.2007.369396}}

@article{Hikita2008,
	Author = {Hikita, J and Hirano, A and Nakashima, H},
	Date-Added = {2011-07-13 16:35:38 -0500},
	Date-Modified = {2011-07-13 16:35:38 -0500},
	Journal = {Proc. of the 2008 IEEE Int'l Symp. on Parallel and Distributed Processing},
	Keywords = {Kyoto University supercomputer system, electric charge, job shop scheduling, job/machine scheduling, parallel machines, power aware operations, power engineering computing10 TFlops,power consumption},
	Month = apr,
	Pages = {1--8},
	Title = {{Saving 200kW and \{\$\}200 K/year by power-aware job/machine scheduling}},
	OPTUrl = {http://dx.doi.org/10.1109/IPDPS.2008.4536218},
	Year = 2008,
	Bdsk-Url-1 = {http://dx.doi.org/10.1109/IPDPS.2008.4536218}}

@techreport{Hitachi2006,
	Date-Added = {2008-09-27 16:27:11 -0500},
	Date-Modified = {2008-09-27 16:27:11 -0500},
	Institution = {Hitachi, Inc.},
	Month = {December},
	Number = {1.2},
	Title = {{Hitachi Deskstar T7K500 Hard Disk Drive Specification}},
	Type = {Spec.},
	Year = {2006}}

@article{Hoefler2010,
	Author = {Hoefler, T.},
	Doi = {10.1109/MCSE.2010.96},
	Issn = {1521-9615},
	Journal = {Computing in Science Engineering},
	Keywords = {interconnection networks energy consumption;interconnection networks power efficiency;large scale system;power consumption reduction;power efficient HPC networking;software-hardware technique;computer networks;energy consumption;hardware-software codesign;power aware computing;},
	Month = {nov.-dec.},
	Number = 6,
	Pages = {30 -37},
	Title = {Software and Hardware Techniques for Power-Efficient HPC Networking},
	Volume = 12,
	Year = 2010,
	Bdsk-Url-1 = {http://dx.doi.org/10.1109/MCSE.2010.96}}

@inproceedings{Hofmeyr2010,
	Acmid = 1693475,
	Address = {New York, NY, USA},
	Author = {Hofmeyr, Steven and Iancu, Costin and Blagojevi\'{c}, Filip},
	Booktitle = {Proc. of the 15th ACM SIGPLAN Symp. on Principles and Practice of Parallel Programming},
	Date-Added = {2011-07-13 16:35:38 -0500},
	Date-Modified = {2011-08-03 19:21:28 +0000},
	Doi = {http://doi.acm.org/10.1145/1693453.1693475},
	Isbn = {978-1-60558-877-3},
	Keywords = {load balancing, operating systems, parallel applications},
	Location = {Bangalore, India},
	Numpages = 12,
	Pages = {147--158},
	Publisher = {ACM},
	Series = {PPoPP '10},
	Title = {Load balancing on speed},
	Year = 2010,
	Bdsk-Url-1 = {http://doi.acm.org/10.1145/1693453.1693475}}

@article{Horvath2007,
	Author = {Horvath, T. and Tarek Abdelzaher and Skadron, K. and Xue Liu},
	Date-Added = {2008-08-15 01:16:15 -0500},
	Date-Modified = {2008-12-13 17:53:38 -0600},
	Issn = {0018-9340},
	Journal = {{IEEE Transactions on Computers}},
	Keywords = {Internet, network servers, pipeline processing, power aware computing, resource allocationdistributed power management service, dynamic voltage scaling, end-to-end delay control, global energy consumption, load-balanced server, multistage service pipeline processing, multitier Web server, power management, three-tier architecture},
	Month = {April},
	Number = {4},
	Pages = {444-458},
	Title = {Dynamic Voltage Scaling in Multitier Web Servers with End-to-End Delay Control},
	Volume = {56},
	Year = {2007},
	Bdsk-Url-1 = {http://dx.doi.org/10.1109/TC.2007.1003}}

@inproceedings{Hsu2011,
	Author = {Chung-Hsing Hsu and Poole, S.W.},
	Booktitle = {{Proc. of the 2011 IEEE Int'l. Symp. on Performance Analysis of Systems and Software}},
	Doi = {10.1109/ISPASS.2011.5762739},
	Keywords = {SPECpower_ssj2008 benchmark;aggressively power-managed machines;energy-efficiency optimization;enterprise environment;high-end computer system;nonlinear function;power consumption;power signature analysis;power utilization;server system;system power behavior;network servers;nonlinear programming;power aware computing;},
	Month = {april},
	Pages = {227 -236},
	Title = {{Power signature analysis of the SPECpower\_ssj2008 benchmark}},
	Year = 2011,
	Bdsk-Url-1 = {http://dx.doi.org/10.1109/ISPASS.2011.5762739}}

@article{Hu2005,
	Author = {Hu, C. and Jimenez, D.A. and Kremer, U.},
	Date-Added = {2008-05-22 10:41:26 -0500},
	Date-Modified = {2012-02-11 15:44:03 +0000},
	Journal = {{Proc. of the 19th IEEE International Parallel and Distributed Processing Symposium}},
	Keywords = {operating systems (computers), power consumption, program compilers, program slicing, software performance evaluation, virtual machines OS/compiler energy optimization, OS/compiler power optimization, SimPoints methodology, execution-driven simulation, performance evaluation, program evaluation, program slicing},
	Month = {Apr.},
	Pages = {8 pp.-},
	Title = {{Toward an evaluation infrastructure for power and energy optimizations}},
	Year = {2005},
	Bdsk-Url-1 = {http://dx.doi.org/10.1109/IPDPS.2005.437}}

@article{Huang2006,
	Author = {Wei Huang and Ghosh, S. and Velusamy, S. and Sankaranarayanan, K. and Skadron, K. and Stan, M.R.},
	Date-Added = {2008-03-19 10:32:44 -0500},
	Date-Modified = {2008-12-13 17:53:38 -0600},
	Issn = {1063-8210},
	Journal = {{IEEE Transactions on Very Large Scale Integration (VLSI) Systems}},
	Keywords = {CircuitLevel},
	Number = {5},
	Pages = {501-513},
	Title = {{HotSpot: A Compact Thermal Modeling Methodology for Early-stage VLSI Design}},
	Volume = {14},
	Year = {May 2006},
	Bdsk-Url-1 = {http://dx.doi.org/10.1109/TVLSI.2006.876103}}

@manual{IBM2007,
	Author = {Watts, David and Robert Moon},
	Date-Added = {2008-06-02 15:31:09 -0500},
	Date-Modified = {2008-06-02 16:17:45 -0500},
	Month = {September},
	Organization = {IBM Corporation},
	Title = {{IBM System x3755 Technical Introduction}},
	Year = {2007},
	Bdsk-Url-1 = {http://www.redbooks.ibm.com/redpapers/abstracts/redp4260.html}}

@manual{IBM2007b,
	Author = {Watts, David and Robert Moon},
	Date-Added = {2008-06-02 15:57:57 -0500},
	Date-Modified = {2008-06-02 15:58:47 -0500},
	Month = {September},
	Organization = {IBM Corporation},
	Title = {{IBM System x3950 M2 and x3850 M2 Technical Introduction}},
	Year = {2007},
	Bdsk-Url-1 = {http://www.redbooks.ibm.com/abstracts/redp4362.html}}

@inproceedings{Iancu2010,
	Author = {Iancu, C. and Hofmeyr, S. and Blagojevic, F. and Yili Zheng},
	Booktitle = {Parallel Distributed Processing (IPDPS), 2010 IEEE International Symposium on},
	Date-Added = {2011-07-13 16:35:38 -0500},
	Date-Modified = {2011-07-13 16:35:38 -0500},
	Doi = {10.1109/IPDPS.2010.5470434},
	Issn = {1530-2075},
	Keywords = {Linux load balancing;MPI;NUMA multisocket architectures;OpenMP;UMA multisocket architectures;UPC;hybrid programming models;multicore processors;parallel libraries;partitioning system management techniques;sharing system management techniques;task oversubscription;thread affinity management;thread parallelism;Linux;application program interfaces;message passing;multiprocessing systems;parallel programming;resource allocation;},
	Month = april,
	Pages = {1 -11},
	Title = {Oversubscription on multicore processors},
	Year = 2010,
	Bdsk-Url-1 = {http://dx.doi.org/10.1109/IPDPS.2010.5470434}}

@manual{Intel2006,
	Date-Modified = {2012-02-11 15:46:25 +0000},
	Optorganization = {Intel Corp.},
	Optyear = {2006},
	Title = {{Dual-Core Intel Xeon Processor 5100 Series Thermal/Mechanical Design Guidelines}},
	OPTUrl = {http://www.intel.com/Assets/PDF/designguide/313357.pdf},
	Year = {2006},
	Bdsk-Url-1 = {http://www.intel.com/Assets/PDF/designguide/313357.pdf}}

@manual{Intel2007,
	Organization = {Intel Corp.},
	Title = {{Dual-Core Intel Xeon Processor 5100 Series Datasheet}},
	OPTUrl = {http://www.intel.com/Assets/PDF/datasheet/313355.pdf},
	Year = {2007},
	Bdsk-Url-1 = {http://www.intel.com/Assets/PDF/datasheet/313355.pdf}}

@manual{Intel2008,
	Address = {P.O. Box 5937; Denver, CO},
	Author = {Intel},
	Date-Added = {2008-05-22 09:49:05 -0500},
	Date-Modified = {2008-05-22 09:50:58 -0500},
	Month = {April},
	Organization = {Intel Corporation},
	Title = {{Intel 64 and IA-32 Architectures: Software Developer's Manual}},
	Year = {2008}}

@manual{Intel2009,
	Address = {P.O. Box 5937; Denver, CO},
	Author = {Intel},
	Date-Added = {2010-01-25 11:41:07 -0600},
	Date-Modified = {2010-01-25 11:43:24 -0600},
	Month = {November},
	Organization = {Intel Corporation},
	Title = {{Intel{\textregistered} 64 and IA-32 Architectures Optimization Reference Manual}},
	Year = 2009}

@misc{Intel2009b,
	Author = {Intel},
	Date-Added = {2010-02-02 20:25:45 -0600},
	Date-Modified = {2011-08-03 13:36:07 +0000},
	Lastchecked = {Janurary 2010},
	Month = {Janurary},
	Title = {{An Introduction to the Intel QuickPath Interconnect}},
	Urldate = {Janurary 2009},
	Year = {2009},
	Bdsk-Url-1 = {http://www.intel.com/technology/quickpath/introduction.pdf}}

@misc{Intel2009c,
	Author = {Intel},
	Date-Added = {2011-07-13 16:35:38 -0500},
	Date-Modified = {2011-07-13 16:35:38 -0500},
	Lastchecked = {March 2011},
	Month = {May},
	Title = {Profiling and Debugging the FreeBSD Kernel},
	Year = 2009,
	Bdsk-Url-1 = {http://software.intel.com/sites/oss/pdfs/profiling_debugging_freebsd_kernel_321772.pdf}}

@inproceedings{Iokibe1999,
	Author = {Iokibe, T. and Koyama, M. and Taniguchi, M.},
	Doi = {10.1109/FUZZY.1999.793089},
	Journal = {Proc. of the 1999 Int'l Fuzzy Systems Conference},
	Keywords = {powermodel, Lyapunov exponent;TPM;chaotic time series complexity;logistic map;prediction accuracy;short term prediction;trajectory parallel measure;Lyapunov methods;chaos;computational complexity;prediction theory;time series;},
	Pages = {1004 -1008 vol.2},
	Title = {{A study for complexity of chaotic time series and prediction accuracy}},
	Volume = {2},
	Year = {1999},
	Bdsk-Url-1 = {http://dx.doi.org/10.1109/FUZZY.1999.793089}}

@article{Isci2003a,
	Author = {Isci, C. and Martonosi, M.},
	Date-Added = {2008-05-22 10:06:45 -0500},
	Date-Modified = {2011-08-03 13:37:31 +0000},
	Journal = {{Proc. of the IEEE 2003 Int'l Workshop on Workload Characterization}},
	Keywords = {benchmark testing, digital simulation, microprocessor chips, performance evaluation, power consumption, program processors, program testing clock gating, execution phases, gzip benchmark, hardware research, modern processors, power dissipation, power management, power signatures, power similarity metric, power vectors, power-oriented research, processor components, program behavior, program phases, program power phase behavior, simulation times, software research, thermal management, thresholding algorithm},
	Pages = {108-118},
	Title = {{Identifying program power phase behavior using power vectors}},
	Year = {2003},
	Bdsk-Url-1 = {http://dx.doi.org/10.1109/WWC.2003.1249062}}

@article{Isci2003b,
	Author = {Isci, C. and Martonosi, M.},
	Date-Added = {2008-05-20 10:50:47 -0500},
	Date-Modified = {2012-02-11 15:43:41 +0000},
	Journal = {{Proc. of the 36th IEEE/ACM Int'l Symp. on Microarchitecture}},
	Keywords = {microprocessor chips, performance evaluation, power measurement CPU subunits, Intel Pentium 4 processors, SPEC2000, component power breakdowns, computer systems, coordinated measurement, desktop workload execution, dynamic power management, estimation methodology, hardware system, high-end processors, live power measurements, per-unit power estimation, performance-counter-based power estimation, power dissipation, power-aware research, processor power measurement, program power phase behaviour, runtime power monitoring, software system, thermal analysis},
	Month = {Dec.},
	Pages = {93-104},
	Title = {{Runtime power monitoring in high-end processors: Methodology and empirical data}},
	Year = {2003},
	Bdsk-Url-1 = {http://dx.doi.org/10.1109/MICRO.2003.1253186}}

@techreport{Isci2003c,
	Author = {Isci, C. and Martonosi, M.},
	Date-Added = {2008-06-18 22:08:03 -0500},
	Date-Modified = {2008-06-18 22:09:30 -0500},
	Institution = {Princeton University},
	Month = {September},
	Number = {EE-2003-09},
	Title = {{Runtime Power Monitoring in High-end Processors: Methodology and Empirical Data}},
	Year = {2003},
	Bdsk-Url-1 = {http://parapet.ee.princeton.edu/papers/canturkmicro.pdf}}

@article{Isci2006,
	Author = {Isci, C. and Martonosi, M.},
	Date-Added = {2008-05-19 11:44:34 -0500},
	Date-Modified = {2008-12-13 17:53:38 -0600},
	Issn = {1530-0897},
	Journal = {{Proc. of the 12th Int'l Symp. on High-Performance Computer Architecture}},
	Keywords = {benchmark testing, computer architecture, performance evaluation, power consumption SPEC2000 benchmark, basic block vector, code-oriented technique, control-flow sampling, event counter, mainstream desktop application, performance counter, power consumption, power phase characterization, real-system power measurement},
	Pages = {121-132},
	Title = {{Phase characterization for power: Evaluating control-flow-based and event-counter-based techniques}},
	Year = {11-15 Feb. 2006},
	Bdsk-Url-1 = {http://dx.doi.org/10.1109/HPCA.2006.1598119}}

@article{Itoh1995,
	Affiliation = {NTT Communication Science Laboratories},
	Author = {Itoh, Kenichi},
	Date-Added = {2010-08-01 09:28:49 -0500},
	Date-Modified = {2010-08-01 09:28:49 -0500},
	Journal = {Electronics and Communications in Japan, Part 3: Fundamental Electronic Science},
	Month = {Apr},
	Number = 5,
	Pages = {1529--1536},
	Rating = 0,
	Read = {Yes},
	Title = {{A Method for Predicting Chaotic Time-series With Outliers}},
	Uri = {papers://29A695D8-9431-4F2A-A5D6-CFC24651882A/Paper/p441},
	Volume = 78,
	Year = 1995,
}

@article{Iyer2001,
	Author = {Iyer, A. and Marculescu, D.},
	Date-Added = {2008-05-22 10:43:56 -0500},
	Date-Modified = {2008-12-13 17:53:38 -0600},
	Journal = {{Proc. of the 2001 Conf. and Exhibition on Design, Automation and Test in Europe, 2001}},
	Keywords = {computer architecture, computer evaluation, microprocessor chips, performance evaluation, power consumptionbenchmark programs, energy consumption, microarchitecture resource scaling, microprocessor, minimum performance penalty, parallelism, portable applications, run-time profiling, voltage scaling},
	Pages = {190-196},
	Title = {{Power aware microarchitecture resource scaling}},
	Year = {2001},
	Bdsk-Url-1 = {http://dx.doi.org/10.1109/DATE.2001.915023}}

@inproceedings{Jahn2011,
	Author = {Jahn, J. and Faruque, M.A.A. and Henkel, J.},
	Booktitle = {Proc. of the 2011 Design, Automation Test in Europe Conference Exhibition},
	Issn = {1530-1591},
	Keywords = {CARAT;context-aware runtime adaptive task migration;dynamic thermal management;load balancing;multicore architectures;computer architecture;resource allocation;ubiquitous computing;},
	Month = {march},
	Pages = {1 -6},
	Title = {{CARAT: Context-aware runtime adaptive task migration for multi core architectures}},
	Year = {2011}}

@article{Jayaseelan2008,
	Author = {Jayaseelan, R and Mitra, T},
	Date-Added = {2011-07-13 16:35:38 -0500},
	Date-Modified = {2011-07-13 16:35:38 -0500},
	Doi = {10.1109/ICCAD.2008.4681641},
	Journal = {Proc. of the 2008 IEEE Int'l Conf. on Computer-Aided Design},
	Keywords = {power aware computing, temperature aware task sequencing, thermal management (packaging)on-chip power densi,voltage scaling},
	Month = nov,
	Pages = {618--623},
	Title = {{Temperature aware task sequencing and voltage scaling}},
	Year = 2008,
	Bdsk-Url-1 = {http://dx.doi.org/10.1109/ICCAD.2008.4681641}}

@article{Jayaseelan2009,
	Author = {Jayaseelan, Ramkumar and Mitra, Tulika},
	Date-Added = {2011-07-13 16:35:38 -0500},
	Date-Modified = {2011-07-13 16:35:38 -0500},
	Doi = {http://doi.acm.org/10.1145/1629911.1630038},
	Journal = {Proc. of the 46th ACM/IEEE Design Automation Conference},
	Pages = {484--489},
	Title = {{Dynamic thermal management via architectural adaptation}},
	OPTUrl = {http://doi.acm.org/10.1145/1629911.1630038},
	Year = 2009,
	Bdsk-Url-1 = {http://doi.acm.org/10.1145/1629911.1630038}}

@misc{Jekabsons2010,
	Author = {G. Jekabsons},
	Date-Added = {2010-08-30 18:10:21 -0500},
	Date-Modified = {2010-08-30 18:12:28 -0500},
	Title = {{ARESLab: Adaptive Regression Splines Toolbox for Matlab}},
	Year = {2010},
	Bdsk-Url-1 = {http://www.cs.rtu.lv/jekabsons/}}

@inproceedings{Jiang2010,
	Author = {Congfeng Jiang and Xianghua Xu and Jian Wan and Jilin Zhang and Xindong You and Ritai Yu},
	Booktitle = {Quality of Service (IWQoS), 2010 18th International Workshop on},
	Date-Added = {2011-07-13 16:35:38 -0500},
	Date-Modified = {2011-07-13 16:35:38 -0500},
	Doi = {10.1109/IWQoS.2010.5542709},
	Issn = {1548-615X},
	Keywords = {QoS guarantees;feedback control;power aware job scheduling;power consumption;real multicore computing system;feedback;multiprocessing systems;optimisation;power aware computing;power consumption;scheduling;},
	Month = june,
	Pages = {1 -2},
	Title = {Power aware job scheduling with QoS guarantees based on feedback control},
	Year = 2010,
	Bdsk-Url-1 = {http://dx.doi.org/10.1109/IWQoS.2010.5542709}}

@article{Jimenez2010,
	Author = {Jim\'{e}nez, V and Cazorla, F and Gioiosa, R and Valero, M},
	Date-Added = {2011-07-13 16:35:38 -0500},
	Date-Modified = {2011-07-13 16:35:38 -0500},
	Journal = {Proc. of the 19th Int'l Conf. on Parallel Architectures and Compilation Techniques},
	Month = jan,
	Title = {{Power and thermal characterization of POWER6 system}},
	Year = 2010,
	Bdsk-Url-1 = {http://portal.acm.org/citation.cfm?id=1854281}}

@inproceedings{Jimenez2010b,
	Author = {Jim\'{e}andnez, V. and Gioiosa, R. and Kursun, E. and Cazorla, F.J. and Chen-Yong Cher and Buyuktosunoglu, A. and Bose, P. and Valero, M.},
	Booktitle = {VLSI System on Chip Conference (VLSI-SoC), 2010 18th IEEE/IFIP},
	Date-Added = {2011-07-13 16:35:38 -0500},
	Date-Modified = {2011-07-13 16:35:38 -0500},
	Doi = {10.1109/VLSISOC.2010.5642673},
	Keywords = {energy-efficient architectures;microprocessor architectures;multicore architectures;power envelope;thermal envelope;voltage scaling;microprocessor chips;power aware computing;},
	Month = sept.,
	Pages = {276 -279},
	Title = {Trends and techniques for energy efficient architectures},
	Year = 2010,
	Bdsk-Url-1 = {http://dx.doi.org/10.1109/VLSISOC.2010.5642673}}

@phdthesis{Jung2009,
	Affiliation = {UNIVERSITY OF SOUTHERN CALIFORNIA},
	Author = {H Jung},
	Date-Added = {2010-08-01 09:28:49 -0500},
	Date-Modified = {2010-08-01 09:28:49 -0500},
	Journal = {PhD Thesis},
	Rating = {0},
	Title = {Stochastic Dynamic Power and Thermal Management Techniques for Multicore Systems},
	Uri = {papers://29A695D8-9431-4F2A-A5D6-CFC24651882A/Paper/p184},
	OPTUrl = {http://digitallibrary.usc.edu/assetserver/controller/item/etd-JUNG-3249.pdf},
	Year = 2009,
	Bdsk-Url-1 = {http://digitallibrary.usc.edu/assetserver/controller/item/etd-JUNG-3249.pdf}}

@article{Kallakuri2007,
	Address = {Amsterdam, The Netherlands, The Netherlands},
	Author = {Sankalp Kallakuri and Alex Doboli and Simona Doboli},
	Date-Added = {2008-06-11 10:39:22 -0500},
	Date-Modified = {2008-12-13 17:53:38 -0600},
	Issn = {0167-9260},
	Journal = {{Integr. VLSI Journal}},
	Number = {2},
	Pages = {183--191},
	Publisher = {Elsevier Science Publishers B. V.},
	Title = {{Applying Stochastic Modeling to Bus Arbitration for Systems-on-chip}},
	Volume = {40},
	Year = {2007},
	Bdsk-Url-1 = {http://www.sinc.sunysb.edu/Stu/skallaku/vlj1.pdf},
	Bdsk-Url-2 = {http://dx.doi.org/10.1016/j.vlsi.2006.02.001}}

@article{Kamil2008,
	Author = {Kamil, S. and Shalf, J. and Strohmaier, E.},
	Date-Added = {2008-12-02 23:29:19 -0600},
	Date-Modified = {2008-12-13 17:53:38 -0600},
	Issn = {1530-2075},
	Journal = {{Proc. of the 2008 IEEE Intl' Symp. on Parallel and Distributed Processing}},
	Keywords = {parallel processing, power aware computing, resource allocationcompute-intensive scientific workload, high performance Linpack benchmark, high performance computing system, performance measurement, power consumption measurement, power efficiency},
	Month = {April},
	Pages = {1-8},
	Title = {Power efficiency in high performance computing},
	Year = {2008},
	Bdsk-Url-1 = {http://dx.doi.org/10.1109/IPDPS.2008.4536223}}

@inproceedings{Kansal2004,
	Author = {Kansal, A and Potter, D and Srivastava, M},
	Booktitle = {ACM SIGMETRICS Performance Evaluation Review},
	Date-Added = {2011-07-13 16:35:38 -0500},
	Date-Modified = {2011-07-13 16:35:38 -0500},
	Month = jan,
	Number = 1,
	Title = {{Performance aware tasking for environmentally powered sensor networks}},
	Volume = 32,
	Year = 2004,
	Bdsk-Url-1 = {http://portal.acm.org/citation.cfm?id=1012888.1005714}}

@inproceedings{Kansal2010,
	Acmid = {1807136},
	Address = {New York, NY, USA},
	Author = {Kansal, Aman and Zhao, Feng and Liu, Jie and Kothari, Nupur and Bhattacharya, Arka A.},
	Booktitle = {{Proc. of the 1st ACM Symp. on Cloud Computing}},
	Doi = {http://doi.acm.org/10.1145/1807128.1807136},
	Isbn = {978-1-4503-0036-0},
	Keywords = {datacenter power management, power capping, virtualization},
	Location = {Indianapolis, Indiana, USA},
	Numpages = {12},
	Pages = {39--50},
	Publisher = {ACM},
	Series = {SoCC '10},
	Title = {{Virtual machine power metering and provisioning}},
	Year = {2010},
	Bdsk-Url-1 = {http://doi.acm.org/10.1145/1807128.1807136}}

@techreport{Kaplan2008,
	Author = {James Kaplan and Forrest, William and Kindler, Noah},
	Date-Added = {2011-07-13 16:35:38 -0500},
	Date-Modified = {2011-07-13 16:35:38 -0500},
	Institution = {McKinsey and Company},
	Title = {Revolutionizing Data Center Energy Efficiency},
	Year = 2008}

@article{Kazempour2008,
	Author = {Kazempour, V and Fedorova, A and Alagheband, P},
	Date-Added = {2011-07-13 16:35:38 -0500},
	Date-Modified = {2011-07-13 16:35:38 -0500},
	Journal = {Lecture Notes in Computer Science},
	Pages = {151--161},
	Title = {{Performance implications of cache affinity on multicore processors}},
	Volume = 5168,
	Year = 2008}

@article{Keltcher2003,
	Address = {Los Alamitos, CA, USA},
	Author = {Chetana N. Keltcher and Kevin J. McGrath and Ardsher Ahmed and Pat Conway},
	Date-Added = {2008-06-13 17:05:33 -0500},
	Date-Modified = {2008-12-13 17:53:38 -0600},
	Issn = {0272-1732},
	Journal = {IEEE Micro},
	Number = {2},
	Pages = {66-76},
	Publisher = {IEEE Computer Society},
	Title = {{The AMD Opteron Processor for Multiprocessor Servers}},
	Volume = {23},
	Year = {2003},
	Bdsk-Url-1 = {http://doi.ieeecomputersociety.org/10.1109/MM.2003.1196116}}

@article{Keys2010,
	Author = {Keys, Laura and Rivoire, Suzanne and Davis, John D.},
	Date-Added = {2011-07-13 16:35:38 -0500},
	Date-Modified = {2011-07-13 16:35:38 -0500},
	Institution = {CCSd/HAL : e-articles server (based on gBUS) [http://hal.ccsd.cnrs.fr/oai/oai.php] (France)},
	Journal = {{Proc. of the 2nd Workshop on Energy-Efficient Design}},
	Keywords = {[INFO:INFO_AR] Computer Science/Architecture},
	Location = {http://www.scientificcommons.org/58212972},
	Month = {June},
	Title = {The search for energy-efficient building blocks for the data center},
	OPTUrl = {http://hal.archives-ouvertes.fr/inria-00492853/en/},
	Year = 2010,
	Bdsk-Url-1 = {http://hal.archives-ouvertes.fr/inria-00492853/en/}}

@inproceedings{Khan2011,
	Author = {Khan, M.A. and Hankendi, C. and Coskun, A.K. and Herbordt, M.C.},
	Booktitle = {{Proc. of the 2011 Int'l. Green Computing Conference and Workshops}},
	Date-Added = {2012-02-09 16:32:22 +0000},
	Date-Modified = {2012-02-09 16:34:04 +0000},
	Doi = {10.1109/IGCC.2011.6008575},
	Keywords = {custom-designed suite;energy efficiency;green software;microbenchmarks;multicore systems;parallel application;performance-energy-thermal distribution;power estimator;regressing measurements;scalability;software optimization;software tuning;system-level energy consumption;energy conservation;energy consumption;multiprocessing systems;optimisation;parallel programming;power aware computing;sustainable development;},
	Month = {July},
	Pages = {1 -6},
	Title = {{Software optimization for performance, energy, and thermal distribution: initial case studies}},
	Year = {2011},
	Bdsk-Url-1 = {http://dx.doi.org/10.1109/IGCC.2011.6008575}}

@article{Kim2006,
	Author = {Kim, Y. and Gurumurthi, S. and Sivasubramaniam, A.},
	Date-Added = {2008-05-17 14:04:25 -0500},
	Date-Modified = {2008-05-17 14:07:23 -0500},
	Journal = {Proc. of the 12th Int'l Symp. on High-Performance Computer Architecture},
	Keywords = {StorageDevices},
	Pages = {179--189},
	Title = {{Understanding the performance-temperature interactions in disk I/O of server workloads}},
	Year = {2006}}

@article{Klema2004,
	Author = {{J Kl{\'e}ma and J Kout and M Vejmelka}},
	Date-Added = {2010-08-01 09:28:49 -0500},
	Date-Modified = {2010-08-01 09:28:49 -0500},
	Journal = {Cybernetics and Systems},
	Pages = {723--728},
	Rating = {0},
	Title = {Predictive System for Multivariate Time Series},
	Uri = {papers://29A695D8-9431-4F2A-A5D6-CFC24651882A/Paper/p178},
	Year = {2004},
	Bdsk-Url-1 = {http://citeseerx.ist.psu.edu/viewdoc/download?doi=10.1.1.71.8458&rep=rep1&type=pdf}}

@article{Kumar2006,
	Author = {Kumar, Amit and Shang, Li and Peh, Li-Shiuan and Jha, Niraj K},
	Date-Added = {2011-07-13 16:35:38 -0500},
	Date-Modified = {2011-07-13 16:35:38 -0500},
	Doi = {http://doi.acm.org/10.1145/1146909.1147052},
	Journal = {Proc. of 43th ACM/IEEE Design Automation Conference},
	Pages = {548--553},
	Title = {{HybDTM: a coordinated hardware-software approach for dynamic thermal management}},
	Year = 2006,
	Bdsk-Url-1 = {http://doi.acm.org/10.1145/1146909.1147052}}

@article{Kumar2008,
	Author = {Kumar, A. and Li Shang and Li-Shiuan Peh and Jha, N.K.},
	Date-Added = {2008-10-03 11:16:56 -0500},
	Date-Modified = {2008-12-13 17:53:38 -0600},
	Issn = {0278-0070},
	Journal = {{IEEE Transactions on Computer-Aided Design of Integrated Circuits and Systems}},
	Keywords = {power aware computing, processor scheduling, thermal management (packaging)clock gating, coordinated thermal management, high performance microprocessors, hybrid hardware software management, system level dynamic thermal management, thermal aware process scheduling, thermal model},
	Month = {Jan.},
	Number = {1},
	Pages = {96-108},
	Title = {{System-Level Dynamic Thermal Management for High-Performance Microprocessors}},
	Volume = {27},
	Year = {2008},
	Bdsk-Url-1 = {http://dx.doi.org/10.1109/TCAD.2007.907062}}

@article{Kursun2006,
	Author = {Kursun, Eren and Cher, Chen-yong and Buyuktosunoglu, Alper and Bose, Pradip},
	Date-Added = {2011-07-13 16:35:38 -0500},
	Date-Modified = {2011-07-13 16:35:38 -0500},
	Journal = {Proc. of the 3rd Workshop on Temperature-Aware Computer Systems},
	Title = {{Investigating the effects of task scheduling on thermal behavior}},
	Year = 2006}

@inproceedings{Kursun2008,
	Author = {Kursun, Eren},
	Booktitle = {Proc. of the 2008 IEEE International Conference on Computer Design},
	Date-Added = {2011-07-13 16:35:38 -0500},
	Date-Modified = {2011-07-13 16:35:38 -0500},
	Doi = {10.1109/ICCD.2008.4751874},
	Isbn = {978-1-4244-2657-7},
	Month = oct,
	Pages = {280--285},
	Publisher = {IEEE},
	Title = {{Variation-aware thermal characterization and management of multi-core architectures}},
	OPTUrl = {http://ieeexplore.ieee.org/xpl/freeabs_all.jsp?arnumber=4751874},
	Year = 2008,
	Bdsk-Url-1 = {http://ieeexplore.ieee.org/xpl/freeabs%5C_all.jsp?arnumber=4751874},
	Bdsk-Url-2 = {http://dx.doi.org/10.1109/ICCD.2008.4751874}}

@article{Kursun2009,
	Address = {Los Alamitos, CA, USA},
	Author = {Eren Kursun and Chen-Yong Cher},
	Date-Added = {2011-07-13 16:35:38 -0500},
	Date-Modified = {2011-07-13 16:35:38 -0500},
	Doi = {http://doi.ieeecomputersociety.org/10.1109/MM.2009.18},
	Issn = {0272-1732},
	Journal = {IEEE Micro},
	Pages = {116-126},
	Publisher = {IEEE Computer Society},
	Title = {Temperature Variation Characterization and Thermal Management of Multicore Architectures},
	Volume = 29,
	Year = 2009,
	Bdsk-Url-1 = {http://doi.ieeecomputersociety.org/10.1109/MM.2009.18}}

@book{Lakshmanan2009,
	Author = {Lakshmanan, Karthik and Rajkumar, Ragunathan and Lehoczky, John},
	Booktitle = {Proc. of the 2009 21st Euromicro Conference on Real-Time Systems},
	Date-Added = {2011-07-13 16:35:38 -0500},
	Date-Modified = {2011-07-13 16:35:38 -0500},
	Doi = {10.1109/ECRTS.2009.33},
	Isbn = {978-0-7695-3724-5},
	Month = jul,
	Pages = {239--248},
	Publisher = {IEEE},
	Title = {{Partitioned fixed-priority preemptive scheduling for multi-core processors}},
	OPTUrl = {http://ieeexplore.ieee.org/xpl/freeabs\_all.jsp?arnumber=5161519},
	Year = 2009,
	Bdsk-Url-1 = {http://ieeexplore.ieee.org/xpl/freeabs%5C_all.jsp?arnumber=5161519},
	Bdsk-Url-2 = {http://dx.doi.org/10.1109/ECRTS.2009.33}}

@article{Lee2005,
	Author = {Lee, K.-J. and Skadron, K.},
	Date-Added = {2008-05-19 11:22:33 -0500},
	Date-Modified = {2008-12-13 17:53:38 -0600},
	Journal = {{Proc. of the 19th IEEE Int'l Symp. Parallel and Distributed Processing}},
	Keywords = {benchmark testing, parallel processing, performance evaluation, power consumption, temperature sensors SPEC2000 benchmark, energy consumption, high-performance processor, high-performance system, performance counter, runtime temperature sensing, thermal management},
	Title = {{Using performance counters for runtime temperature sensing in high-performance processors}},
	Year = {2005},
	Bdsk-Url-1 = {http://dx.doi.org/10.1109/IPDPS.2005.448}}

@article{Lee2006,
	Address = {New York, NY, USA},
	Author = {Lee, Benjamin C. and Brooks, David M.},
	Date-Modified = {2010-05-10 22:15:31 -0500},
	Doi = {http://doi.acm.org/10.1145/1168917.1168881},
	Issn = {0163-5980},
	Journal = {SIGOPS Oper. Syst. Rev.},
	Number = {5},
	Pages = {185--194},
	Publisher = {ACM},
	Title = {{Accurate and Efficient Regression Modeling For Microarchitectural Performance and Power Prediction}},
	Volume = {40},
	Year = {2006},
	Bdsk-Url-1 = {http://doi.acm.org/10.1145/1168917.1168881}}

@techreport{Levesque2006,
	Author = {Levesque, John and J. Larkin and M. Foster and J. Glenski and G. Geissler and S. Whalen and B. Waldecker and J. Carter and D. Skinner and H. He and H. Wasserman and J. Shalf and H. Shan and E. Strohmier},
	Date-Added = {2008-12-10 16:47:11 -0600},
	Date-Modified = {2008-12-13 17:53:38 -0600},
	Institution = {Lawrence Berkeley National Laboratory},
	Number = {LBNL-62500},
	Title = {{Understanding and Mitigating Multicore Performance Issues on the AMD Opteron Architecture}},
	Type = {Paper},
	Year = {2006},
	Bdsk-Url-1 = {http://repositories.cdlib.org/lbnl/LBNL-62500/}}

@techreport{Levinthal2011,
	Author = {David Levinthal},
	Date-Added = {2011-07-13 16:35:38 -0500},
	Date-Modified = {2011-08-03 19:19:10 +0000},
	Institution = {Intel Corp.},
	Title = {{Performance Analysis Guide for Intel Core i7 Processor and Intel Xeon 5500 Processors}},
	Year = 2011}

@article{Lewis2008,
	Author = {Adam Lewis and Soumik Ghosh and N.-F. Tzeng},
	Date-Added = {2010-08-01 09:28:49 -0500},
	Date-Modified = {2010-08-10 16:56:02 -0500},
	Journal = {{Proc. of the 2008 Workshop on Power Aware Computing and Systems (Hotpower'08)}},
	Month = {Dec.},
	Title = {{Run-time energy consumption estimation based on workload in server systems}},
	Year = {2008}}

@article{Lewis2010,
	Author = {Adam Lewis and Jim Simon and N.-F. Tzeng},
	Date-Added = {2010-08-01 09:28:49 -0500},
	Date-Modified = {2010-08-10 16:56:02 -0500},
	Journal = {{Proc. of the 2010 Workshop on Power Aware Computing and Systems (Hotpower'10)}},
	Month = {Oct.},
	Title = {{Chaotic attractor prediction for server run-time energy consumption}},
	Year = {2010}}

@unpublished{Lewis2011,
	Author = {Adam Lewis and Nian-Feng Tzeng and Soumik Ghosh},
	Date-Added = {2011-07-13 16:35:38 -0500},
	Date-Modified = {2011-07-13 16:35:38 -0500},
	Month = {January},
	Note = {Under review for publication in ACM Transactions on Architecture and Code Optimization},
	Title = {{Run-Time Energy Consumption Estimation for Server Workloads based on Chaotic Time-Series Approximation}},
	Year = 2011}

@article{Li2003,
	Address = {New York, NY, USA},
	Author = {Tao Li and Lizy Kurian John},
	Date-Added = {2011-07-13 16:35:38 -0500},
	Date-Modified = {2011-07-13 16:35:38 -0500},
	Issn = {0163-5999},
	Journal = {SIGMETRICS Perform. Eval. Rev.},
	Number = 1,
	Pages = {160--171},
	Publisher = {ACM},
	Title = {Run-time Modeling and Estimation of Operating System Power Consumption},
	Volume = 31,
	Year = 2003,
	Bdsk-Url-1 = {http://doi.acm.org/10.1145/885651.781048}}

@article{Li2009,
	Author = {Li, Tong and Baumberger, Dan and Hahn, Scott},
	Date-Added = {2011-07-13 16:35:38 -0500},
	Date-Modified = {2011-08-03 13:48:41 +0000},
	File = {:Users/awl8049/Library/Application Support/Mendeley Desktop/Downloaded/Li, Baumberger, Hahn - 2009 - efficient and scalable multiprocessor fair scheduling using distributed weighted round-robin.html:html},
	Issn = {0362-1340},
	Journal = {ACM SIGPLAN Notices},
	Keywords = {undefined},
	Number = 4,
	Pages = {65--74},
	Title = {{Efficient and Scalable Multiprocessor Fair Scheduling Using Distributed Weighted Round-robin}},
	Volume = 44,
	Year = 2009,
	Bdsk-Url-1 = {http://portal.acm.org/citation.cfm?id=1594835.1504188}}

@article{LiD2008,
	Author = {Li, Dong and Chang, Hung-Ching and Pyla, H K and Cameron, K W},
	Date-Added = {2011-07-13 16:35:38 -0500},
	Date-Modified = {2011-07-13 16:35:38 -0500},
	Journal = {Proc. of the 2008 IEEE Int'l Symp. on Parallel and Distributed Processing},
	Keywords = {dynamic voltage scaling, multi-threading, multicore process migration, power aware computing, process scheduling, processor power consumption, processor scheduling, program compilersdynamic frequency scaling, thermal-aware process scheduling algorithm,multithreaded process migration},
	Month = apr,
	Pages = {1--7},
	Title = {{System-level, thermal-aware, fully-loaded process scheduling}},
	OPTUrl = {http://dx.doi.org/10.1109/IPDPS.2008.4536225},
	Year = 2008,
	Bdsk-Url-1 = {http://dx.doi.org/10.1109/IPDPS.2008.4536225}}

@article{LiK2008,
	Author = {Li, Keqin},
	Date-Added = {2011-07-13 16:35:38 -0500},
	Date-Modified = {2011-07-13 16:35:38 -0500},
	Doi = {10.1109/TPDS.2008.122},
	Journal = {IEEE Transactions on Parallel and Distributed Systems},
	Keywords = {combinatorial mathematics, dynamically variable speed, dynamically variable voltage, heuristic algorithms, mobile computers, mobile computing, multiprocessor computers, multiprocessor computing systems, power aware computing, power-aware task scheduling algorithms, real-time multiprocessing systems, scheduling, software performance evaluation, task analysiscombinatorial optimization,performance analysis},
	Month = nov,
	Number = 11,
	Pages = {1484--1497},
	Title = {{Performance Analysis of Power-Aware Task Scheduling Algorithms on Multiprocessor Computers with Dynamic Voltage and Speed}},
	Volume = 19,
	Year = 2008,
	Bdsk-Url-1 = {http://dx.doi.org/10.1109/TPDS.2008.122}}

@article{LiT2007,
	Author = {Li, Tong and Baumberger, Dan and Koufaty, David A and Hahn, Scott},
	Date-Added = {2011-07-13 16:35:38 -0500},
	Date-Modified = {2011-07-13 16:35:38 -0500},
	Journal = {Proc. of the 2007 ACM/IEEE Conf. on Supercomputing},
	Pages = {1--11},
	Title = {{Efficient operating system scheduling for performance-asymmetric multi-core architectures}},
	OPTUrl = {http://doi.acm.org/10.1145/1362622.1362694},
	Year = 2007,
	Bdsk-Url-1 = {http://doi.acm.org/10.1145/1362622.1362694}}

@article{Lien2006,
	Author = {Chia-Hung Lien and Ying-Wen Bai and Ming-Bo Lin and Chia-Yi Chang and Ming-Yuan Tsai},
	Date-Added = {2008-05-28 03:34:57 -0500},
	Date-Modified = {2008-12-13 17:53:38 -0600},
	Issn = {1556-6463},
	Journal = {{Proc. of the 14th IEEE Int'l Conf. on Networks}},
	Keywords = {power model, web server},
	Pages = {1-6},
	Title = {{Web server power estimation, modeling and management}},
	Volume = {2},
	Year = {Sept. 2006},
	Bdsk-Url-1 = {http://dx.doi.org/10.1109/ICON.2006.302688}}

@article{Lillekjendlie1994a,
	Author = {B Lillekjendlie and D Kugiumtzis and ND Christophersen},
	Date-Added = {2010-08-01 09:28:49 -0500},
	Date-Modified = {2010-08-01 09:28:49 -0500},
	Journal = {Modeling Identification and Control},
	Number = {4},
	Pages = {205--228},
	Rating = {0},
	Title = {Chaotic Time Series},
	Uri = {papers://29A695D8-9431-4F2A-A5D6-CFC24651882A/Paper/p177},
	Volume = {15},
	Year = {1994},
}

@article{Lillekjendlie1994b,
	Author = {B Lillekjendlie and D Kugiumtzis and N Christophersen},
	Date-Added = {2010-08-01 09:28:49 -0500},
	Date-Modified = {2010-08-01 09:28:49 -0500},
	Journal = {Modeling Identification and Control},
	Number = {4},
	Pages = {229--244},
	Rating = {0},
	Title = {Chaotic time series. Part II. System identification and prediction},
	Uri = {papers://29A695D8-9431-4F2A-A5D6-CFC24651882A/Paper/p175},
	Volume = {15},
	Year = {1994},
}

@inproceedings{Lim2010,
	Author = {Lim, M.Y. and Porterfield, A. and Fowler, R.},
	Booktitle = {{Proc. of the 19th ACM Int'l. Symp. on High Performance Distributed Computing}},
	Keywords = {powermodel},
	Organization = {ACM},
	Pages = {308--311},
	Title = {{SoftPower: Fine-grain power estimations using performance counters}},
	Year = {2010}}

@techreport{Linpack1991,
	Author = {J. Dongarra},
	Date-Added = {2011-07-13 16:35:38 -0500},
	Date-Modified = {2011-07-13 16:35:38 -0500},
	Institution = {The University of Tennessee},
	Number = {CS-89-85},
	Title = {Performance of various computers using standard linear equations software},
	Year = 1989}

@inproceedings{Liu2001,
	Address = {New York, NY, USA},
	Author = {Liu, Jinfeng and Chou, Pai H and Bagherzadeh, Nader and Kurdahi, Fadi},
	Booktitle = {Proc. of the 38th annual Design Automation Conference},
	Date-Added = {2011-07-13 16:35:38 -0500},
	Date-Modified = {2011-07-13 16:35:38 -0500},
	Doi = {http://doi.acm.org/10.1145/378239.379076},
	Isbn = {1-58113-297-2},
	Pages = {840--845},
	Publisher = {ACM},
	Title = {{Power-aware scheduling under timing constraints for mission-critical embedded systems}},
	Year = 2001,
	Bdsk-Url-1 = {http://doi.acm.org/10.1145/378239.379076}}

@inproceedings{Liu2008,
	Acmid = {1391691},
	Address = {New York, NY, USA},
	Author = {Liu, Song and Memik, Seda Ogrenci and Zhang, Yu and Memik, Gokhan},
	Booktitle = {{Proc. of the 45th Annual Design Automation Conference}},
	Doi = {http://doi.acm.org/10.1145/1391469.1391691},
	Isbn = {978-1-60558-115-6},
	Keywords = {powermodel, DRAM, page hit aware write buffer, power, temperature},
	Location = {Anaheim, California},
	Numpages = {6},
	Pages = {878--883},
	Publisher = {ACM},
	Series = {DAC '08},
	Title = {{A power and temperature aware DRAM architecture}},
	Year = {2008},
	Bdsk-Url-1 = {http://doi.acm.org/10.1145/1391469.1391691}}

@article{Liu2010,
	Author = {Zonghua Liu},
	Date-Added = {2010-08-01 09:28:49 -0500},
	Date-Modified = {2011-12-13 15:10:37 +0000},
	Journal = {Mathematical Problems in Engineering},
	Title = {{Chaotic Time Series Analysis}},
	Volume = {2010},
	Year = {2010},
	Bdsk-Url-1 = {http://downloads.hindawi.com/journals/mpe/2010/720190.pdf}}

@inproceedings{LiuSh2010,
	Author = {Shaobo Liu and Meikang Qiu and Wenzhong Gao and Xiao-jun Tang and Bin Guo},
	Booktitle = {Proc. of the 2010 IEEE 10th International Conference on Computer and Information Technology (CIT)},
	Date-Added = {2011-07-13 16:35:38 -0500},
	Date-Modified = {2011-07-13 16:35:38 -0500},
	Doi = {10.1109/CIT.2010.309},
	Keywords = {average execution time;cool job;dynamic voltage and frequency selection;hot job;job sequencing;nondeterministic application;nondeterministic workload;peak temperature reduction;processor speed;system thermal behavior;thermal variation;power aware computing;processor scheduling;thermal management (packaging);},
	Month = {july},
	Pages = {1780 -1787},
	Title = {Hybrid of job sequencing and DVFS for peak temperature reduction with nondeterministic applications},
	Year = 2010,
	Bdsk-Url-1 = {http://dx.doi.org/10.1109/CIT.2010.309}}

@article{London2001,
	Author = {K. London and Moore, S. and Mucci, P. and Seymour, K. and Luczak, R.},
	Date-Added = {2010-09-29 15:10:27 -0500},
	Date-Modified = {2011-12-13 15:11:28 +0000},
	Journal = {Department of Defense Users' Group Conference Proc.},
	Title = {{The {PAPI} Cross-platform Interface to Hardware Performance Counters}},
	Year = {2001}}

@electronic{Sun2009,
	Author = {{Sun Microsystems}},
	Date-Added = {2009-12-16 22:50:55 -0600},
	Date-Modified = {2009-12-16 22:50:55 -0600},
	Lastchecked = {June 2009},
	Month = {June},
	Title = {{OpenSolaris CPU Power Management - Project Tesla}},
	Urldate = {June 2009},
	Year = {2009},
	Url = {http://opensolaris.org/os/project/tesla/Work/CPUPM/}}

@inproceedings{Lopez2008,
	Author = {Lopez, L.D. and Pecht, M.G.},
	Booktitle = {Proc. of the Int'l Conf. on Prognostics and Health Management},
	Date-Added = {2011-07-13 16:35:38 -0500},
	Date-Modified = {2011-07-13 16:35:38 -0500},
	Doi = {10.1109/PHM.2008.4711442},
	Keywords = {IC socket operating temperature assessment;adequate product life evaluation;electronic prognostic methods;enterprise servers;failure analysis;health monitoring;industrial standards;integrated circuit socket reliability evaluation;microprocessor assemblies;operating condition monitors;product reliability estimation;relative humidity environment;sensor network;target operating environment;condition monitoring;failure analysis;humidity measurement;integrated circuit design;integrated circuit reliability;integrated circuit testing;microprocessor chips;temperature measurement;},
	Month = oct.,
	Pages = {1 -6},
	Title = {Assessing the operating temperature and relative humidity environment of IC sockets in enterprise servers},
	Year = 2008,
	Bdsk-Url-1 = {http://dx.doi.org/10.1109/PHM.2008.4711442}}

@article{Luque2011,
	Address = {Los Alamitos, CA, USA},
	Author = {Carlos Luque and Miquel Moreto and Francisco J. Cazorla and Roberto Gioiosa and Alper Buyuktosunoglu and Mateo Valero},
	Doi = {http://doi.ieeecomputersociety.org/10.1109/TC.2011.152},
	Issn = {0018-9340},
	Journal = {IEEE Transactions on Computers},
	Number = {PrePrints},
	Publisher = {IEEE Computer Society},
	Title = {CPU Accounting for Multicore Processors},
	Volume = 99,
	Year = 2011,
	Bdsk-Url-1 = {http://doi.ieeecomputersociety.org/10.1109/TC.2011.152}}

@article{Macii1998,
	Author = {Macii, E. and Pedram, M. and Somenzi, F.},
	Date-Added = {2008-05-14 17:33:49 -0500},
	Date-Modified = {2008-05-17 14:07:38 -0500},
	Journal = {{IEEE Transactions on Computer-Aided Design of Integrated Circuits and Systems }},
	Keywords = {CAD},
	Number = {11},
	Pages = {1061--1079},
	Title = {{High-level Power Modeling, Estimation, and Optimization}},
	Volume = {17},
	Year = {1998}}

@article{Marculescu1996,
	Author = {Marculescu, D. and Marculescu, R. and Pedram, M.},
	Date-Added = {2008-05-14 17:30:58 -0500},
	Date-Modified = {2008-05-17 14:07:51 -0500},
	Journal = {IEEE Transactions on Computer Aided Design},
	Keywords = {InfoTheory},
	Number = {6},
	Pages = {599--609},
	Title = {{Information Theoretic Measures for Power Analysis}},
	Volume = {15},
	Year = {1996}}

@article{Marculescu2000,
	Author = {Marculescu, D. and Marculescu, R. and Pedram, M.},
	Date-Added = {2008-05-14 17:32:05 -0500},
	Date-Modified = {2008-05-17 14:08:07 -0500},
	Journal = {{IEEE Transactions on Very Large Scale Integration (VLSI) Systems}},
	Keywords = {InfoTheory},
	Number = {3},
	Pages = {335--339},
	Title = {{Theoretical Bounds for Switching Activity Analysis in Finite-Statemachines}},
	Volume = {8},
	Year = {2000}}

@article{McCalpin1995,
	Author = {John D. McCalpin},
	Date-Added = {2011-07-13 16:35:38 -0500},
	Date-Modified = {2011-07-13 16:35:38 -0500},
	Journal = {IEEE Computer Society Technical Committee on Computer Architecture (TCCA) Newsletter},
	Month = dec,
	Pages = {19--25},
	Pdf = {http://tab.computer.org/tcca/NEWS/DEC95/dec95_mccalpin.ps},
	Title = {Memory Bandwidth and Machine Balance in Current High Performance Computers},
	Year = 1995}

@techreport{McCalpin2007,
	Address = {Charlottesville, Virginia},
	Author = {John D. McCalpin},
	Date-Added = {2011-07-13 16:35:38 -0500},
	Date-Modified = {2011-07-13 16:35:38 -0500},
	Institution = {University of Virginia},
	Note = {A continually updated technical report. http://www.cs.virginia.edu/stream/},
	Title = {STREAM: Sustainable Memory Bandwidth in High Performance Computers},
	Year = {1991-2007},
	Bdsk-Url-1 = {http://www.cs.virginia.edu/stream/}}

@inproceedings{McCullough2011,
	Author = {McCullough, John C. and Agarwal, Yuvraj and Chandrashekar, Jaideep and Kuppuswamy, Sathyanarayan and Snoeren, Alex C. and Gupta, Rajesh K.},
	Booktitle = {Proc. of the 2011 USENIX ATC},
	Keywords = {energy},
	Month = jul,
	Posted-At = {2011-06-25 19:28:24},
	Priority = 0,
	Title = {{Evaluating the effectiveness of model-based power characterization}},
	Year = 2011,
}

@book{McDougall2007,
	Author = {McDougall, Richard and Mauro, Jim},
	Booktitle = {Book},
	Date-Added = {2011-07-13 16:35:38 -0500},
	Date-Modified = {2011-07-13 16:35:38 -0500},
	Title = {{Solaris Internals: Solaris 10 and OpenSolaris Kernel Architecture}},
	Year = 2007}

@book{McKusick2004,
	Author = {McKusick, Marshall Kirk and Neville-Neil, George V},
	Date-Added = {2011-07-13 16:35:38 -0500},
	Date-Modified = {2011-07-13 16:35:38 -0500},
	Isbn = 0201702452,
	Publisher = {Pearson Education},
	Title = {{The Design and Implementation of the FreeBSD Operating System}},
	Year = 2004}

@article{McKusick2004b,
	Acmid = {1035622},
	Address = {New York, NY, USA},
	Author = {McKusick, Marshall Kirk and Neville-Neil, George V.},
	Date-Added = {2011-10-27 00:44:39 +0000},
	Date-Modified = {2011-10-27 00:45:09 +0000},
	Doi = {http://doi.acm.org/10.1145/1035594.1035622},
	Issn = {1542-7730},
	Issue = {7},
	Issue_Date = {October 2004},
	Journal = {Queue},
	Month = {October},
	Numpages = {7},
	Pages = {58--64},
	Publisher = {ACM},
	Title = {Thread Scheduling in {FreeBSD} 5.2},
	OPTUrl = {http://doi.acm.org/10.1145/1035594.1035622},
	Volume = {2},
	Year = {2004},
	Bdsk-Url-1 = {http://doi.acm.org/10.1145/1035594.1035622}}

@misc{Mcdougall2001,
	Author = {Richard McDougall and Jim Mauro},
	Date-Added = {2008-07-11 12:05:53 -0500},
	Date-Modified = {2011-08-03 13:43:33 +0000},
	Howpublished = {Online},
	Month = {June},
	Title = {{Solaris Internals: Kernel Architecture \& Implementation}},
	Urldate = {June 2001},
	Year = {2001},
	Bdsk-Url-1 = {http://www.cse.iitk.ac.in/users/sunclub/sunfiles/solaris_internals.pdf}}

@inproceedings{Meisner2009,
	Acmid = 1508269,
	Address = {New York, NY, USA},
	Author = {Meisner, David and Gold, Brian T. and Wenisch, Thomas F.},
	Booktitle = {Proc. of the 14th Int'l. Conf. on Architectural Support for Programming Languages and Operating Systems},
	Date-Added = {2011-07-13 16:35:38 -0500},
	Date-Modified = {2011-07-13 16:35:38 -0500},
	Doi = {http://doi.acm.org/10.1145/1508244.1508269},
	Isbn = {978-1-60558-406-5},
	Keywords = {power management, servers},
	Location = {Washington, DC, USA},
	Numpages = 12,
	Pages = {205--216},
	Publisher = {ACM},
	Series = {ASPLOS '09},
	Title = {{PowerNap}: eliminating server idle power},
	Year = 2009,
	Bdsk-Url-1 = {http://doi.acm.org/10.1145/1508244.1508269}}

@inproceedings{Meisner2011,
	Author = {Meisner, D. and Wenisch, T.F.},
	Booktitle = {Proc. of the 2011 Int'l. Symp. Low Power Electronics and Design},
	Date-Added = {2011-11-21 19:34:34 +0000},
	Date-Modified = {2011-11-21 19:34:51 +0000},
	Doi = {10.1109/ISLPED.2011.5993621},
	Issn = {Pending},
	Keywords = {academic community;academic industry;data center server;energy efficiency;high-power server clusters;low power budget;low-power design;low-power server clusters;mobile space;server hardware;computer centres;energy conservation;},
	Month = {aug.},
	Pages = {109 -114},
	Title = {Does low-power design imply energy efficiency for data centers?},
	Year = {2011},
	Bdsk-Url-1 = {http://dx.doi.org/10.1109/ISLPED.2011.5993621}}

@article{Merkel2006,
	Author = {Merkel, Andreas and Bellosa, Frank},
	Date-Added = {2011-07-13 16:35:38 -0500},
	Date-Modified = {2011-07-13 16:35:38 -0500},
	Doi = {http://doi.acm.org/10.1145/1218063.1217974},
	Journal = {SIGOPS Oper. Syst. Rev.},
	Number = 4,
	Pages = {403--414},
	Title = {{Balancing power consumption in multiprocessor systems}},
	OPTUrl = {http://doi.acm.org/10.1145/1218063.1217974},
	Volume = 40,
	Year = 2006,
	Bdsk-Url-1 = {http://doi.acm.org/10.1145/1218063.1217974}}

@article{Merkel2008a,
	Author = {Merkel, Andreas and Bellosa, Frank},
	Date-Added = {2011-07-13 16:35:38 -0500},
	Date-Modified = {2011-07-13 16:35:38 -0500},
	Doi = {http://doi.acm.org/10.1145/1352592.1352594},
	Journal = {Proc. of 3rd ACM SIGOPS/Eurosys European Conference on Computer Systems},
	Pages = {1--12},
	Title = {{Task activity vectors: a new metric for temperature-aware scheduling}},
	OPTUrl = {http://doi.acm.org/10.1145/1352592.1352594},
	Year = 2008,
	Bdsk-Url-1 = {http://doi.acm.org/10.1145/1352592.1352594}}

@article{Merkel2008b,
	Author = {Merkel, A and Bellosa, F},
	Date-Added = {2011-07-13 16:35:38 -0500},
	Date-Modified = {2011-08-03 13:38:22 +0000},
	Journal = {Proc. of the 2008 Workshop on Power Aware Computing and Systems (Hotpower'08)},
	Title = {Memory-aware Scheduling for Energy Efficiency on Multicore Processors},
	OPTUrl = {http://www.usenix.org/events/hotpower08/tech/full\_papers/merkel/merkel.pdf},
	Year = {2008},
	Bdsk-Url-1 = {http://www.usenix.org/events/hotpower08/tech/full%5C_papers/merkel/merkel.pdf}}

@inproceedings{Merkel2010,
	Acmid = 1755930,
	Address = {New York, NY, USA},
	Author = {Merkel, Andreas and Stoess, Jan and Bellosa, Frank},
	Booktitle = {Proc. of the 5th European conference on Computer systems},
	Date-Added = {2011-07-13 16:35:38 -0500},
	Date-Modified = {2011-07-13 16:35:38 -0500},
	Doi = {http://doi.acm.org/10.1145/1755913.1755930},
	Isbn = {978-1-60558-577-2},
	Keywords = {CMP, activity vectors, energy-aware scheduling, frequency scaling, migration, resources, task characterization, virtualization},
	Location = {Paris, France},
	Numpages = 14,
	Pages = {153--166},
	Publisher = {ACM},
	Series = {EuroSys '10},
	Title = {Resource-conscious scheduling for energy efficiency on multicore processors},
	OPTUrl = {http://doi.acm.org/10.1145/1755913.1755930},
	Year = 2010,
	Bdsk-Url-1 = {http://doi.acm.org/10.1145/1755913.1755930}}

@article{MesaMartinez2010,
	Acmid = 1736043,
	Address = {New York, NY, USA},
	Author = {Mesa-Martinez, Francisco Javier and Ardestani, Ehsan K. and Renau, Jose},
	Doi = {http://doi.acm.org/10.1145/1735970.1736043},
	Issn = {0163-5964},
	Issue = 1,
	Journal = {SIGARCH Comput. Archit. News},
	Keywords = {microarchitecture, temperature, thermal simulation},
	Month = {March},
	Numpages = 12,
	Pages = {193--204},
	Publisher = {ACM},
	Title = {{Characterizing Processor Thermal Behavior}},
	Volume = 38,
	Year = 2010,
	Bdsk-Url-1 = {http://doi.acm.org/10.1145/1735970.1736043}}

@article{Mesamartinez2007,
	Author = {Mesa-Martinez, F.J. and Nayfach-Battilana, J. and Renau, J.},
	Date-Added = {2008-05-17 19:47:48 -0500},
	Date-Modified = {2008-05-20 10:51:30 -0500},
	Journal = {Proc. of the 34th Int'l Conf. on Computer Architecture},
	Pages = {302--311},
	Publisher = {ACM Press New York, NY, USA},
	Title = {Power Model Validation Through Thermal Measurements},
	Year = {2007},
	Bdsk-Url-1 = {http://delivery.acm.org/10.1145/1260000/1250700/p302-mesa-martinez.pdf?ip=65.5.239.92&CFID=37361463&CFTOKEN=37557607&__acm__=1311872638_3c90a151ad4447304d7ba9b049dde7e2}}

@techreport{Micron2007,
	Author = {{Micron, Inc.}},
	Date-Added = {2008-09-27 16:25:58 -0500},
	Date-Modified = {2008-09-27 16:25:58 -0500},
	Institution = {Micron, Inc},
	Month = {August},
	Number = {TN41\_01DDR3 Rev.B},
	Title = {{Calculating Memory System Power for DDR3}},
	Type = {Tech. Note},
	Year = {2007}}

@book{Montgomery2005,
	Address = {11 River Street, Hoboken, NJ 07030},
	Author = {Douglas C. Montgomery},
	Date-Added = {2006-10-03 11:33:03 -0500},
	Date-Modified = {2007-03-04 09:07:17 -0600},
	Edition = {6th},
	Keywords = {design of experiments},
	Publisher = {John Wiley \& Sons, Inc},
	Title = {{Design and Analysis of Experiments}},
	Year = 2005}

@inproceedings{Moore2005,
	Acmid = 1247365,
	Address = {Berkeley, CA, USA},
	Author = {Moore, Justin and Chase, Jeff and Ranganathan, Parthasarathy and Sharma, Ratnesh},
	Booktitle = {{Proc.of the Annual USENIX Technical Conference}},
	Location = {Anaheim, CA},
	Numpages = 1,
	Pages = {5--5},
	Publisher = {USENIX Association},
	Series = {ATEC '05},
	Title = {Making Scheduling "Cool": Temperature-aware Workload Placement In Data Centers},
	OPTUrl = {http://dl.acm.org/citation.cfm?id=1247360.1247365},
	Year = 2005,
	Bdsk-Url-1 = {http://dl.acm.org/citation.cfm?id=1247360.1247365}}

@article{Moscibroda2007,
	Author = {Moscibroda, T and Mutlu, O},
	Date-Added = {2011-07-13 16:35:38 -0500},
	Date-Modified = {2011-07-13 16:35:38 -0500},
	Journal = {Proc. of the 16th USNEIX Security Symposium},
	Title = {{Memory performance attacks: Denial of memory service in multi-core systems}},
	Year = 2007}
	
@inproceedings{Murali2008,
	Author = {Murali, Srinivasan and Mutapcic, Almir and Atienza, David and Gupta, Rajesh and Boyd, Stephen and Benini, Luca and {De Micheli}, Giovanni},
	
	Booktitle = {Proc. of the 2010 Design, Automation Test in Europe Conference Exhibition (DATE)},
	Date-Added = {2011-07-13 16:35:38 -0500},
	Date-Modified = {2011-07-13 16:35:38 -0500},
	Doi = {10.1109/DATE.2008.4484671},
	Isbn = {978-3-9810801-3-1},
	Keywords = {undefined},
	Month = mar,
	Pages = {110--115},
	Publisher = {IEEE},
	Title = {Temperature Control of High-Performance Multi-core Platforms Using Convex Optimization},
	Year = 2008,
	OPTUrl = {http://dx.doi.org/10.1109/DATE.2008.4484671}}

@article{Nagasaka2010,
	Address = {Los Alamitos, CA, USA},
	Author = {Hitoshi Nagasaka and Naoya Maruyama and Akira Nukada and Toshio Endo and Satoshi Matsuoka},
	Doi = {http://doi.ieeecomputersociety.org/10.1109/GREENCOMP.2010.5598315},
	Isbn = {978-1-4244-7612-1},
	Journal = {International Conference on Green Computing},
	Keywords = {powermodel},
	Pages = {115-122},
	Publisher = {IEEE Computer Society},
	Title = {Statistical Power Modeling of GPU Kernels Using Performance Counters},
	Volume = 0,
	Year = 2010,
	Bdsk-Url-1 = {http://doi.ieeecomputersociety.org/10.1109/GREENCOMP.2010.5598315}}

@techreport{Oflaherty2003,
	Author = {O'flaherty, Doug and Michael Goddard},
	Date-Added = {2008-06-20 13:32:17 -0500},
	Date-Modified = {2008-06-20 13:34:19 -0500},
	Institution = {AMD},
	Month = {July},
	Title = {{AMD Opteron Processor Benchmarking for Clustered Systems}},
	Type = {White Paper},
	Year = {2003},
	Bdsk-Url-1 = {http://www.amd.com/us-en/assets/content_type/DownloadableAssets/dwamd_39497A_HPC_WhitePaper_FINAL.pdf}}

@inproceedings{Olschanowsky2010,
	Author = {Olschanowsky, Catherine Mills and Rosing, Tajana and Snavely, Allan and Carrington, Laura and Tikir, Mustafa M. and Laurenzano, Michael},
	Booktitle = {{Proc. of the 2010 Dept. of Defense High Performance Computing Modernization Program Users Group Conference (HPCMP-UGC)}},
	Doi = {10.1109/HPCMP-UGC.2010.54},
	Month = {june},
	Pages = {487 -497},
	Title = {Fine-Grained Energy Consumption Characterization and Modeling},
	Year = 2010,
	Bdsk-Url-1 = {http://dx.doi.org/10.1109/HPCMP-UGC.2010.54}}

@misc{Oracle2010a,
	Author = {Oracle},
	Date-Added = {2011-07-13 16:35:38 -0500},
	Date-Modified = {2011-07-13 16:35:38 -0500},
	Lastchecked = {March 2011},
	Month = {April},
	Title = {How To Use Oracle Solaris DTrace from Oracle Solaris and Open Solaris},
	OPTUrl = {http://www.oracle.com/technetwork/server-storage/solaris/solaris-dtrace-wp-167895.pdf},
	Year = 2010,
	Bdsk-Url-1 = {http://www.oracle.com/technetwork/server-storage/solaris/solaris-dtrace-wp-167895.pdf}}

@article{Owen2008,
	Author = {Owen, J. and Steinman, M.},
	Date-Added = {2008-07-25 09:21:29 -0500},
	Date-Modified = {2008-12-13 17:53:38 -0600},
	Issn = {0272-1732},
	Journal = {IEEE Micro},
	Keywords = {low-power electronics, microprocessor chips, mobile computingAMD Griffin microprocessor, memory architecture, mobile computing, northbridge architecture, power management, thermal management},
	Month = {March-April},
	Number = {2},
	Pages = {10-18},
	Title = {Northbridge Architecture of {AMD's} Griffin Microprocessor Family},
	Volume = {28},
	Year = {2008},
	Bdsk-Url-1 = {http://dx.doi.org/10.1109/MM.2008.29}}

@article{Ozaki1992,
	Author = {Ozaki, T.},
	Date-Added = {2010-06-14 16:54:11 -0500},
	Date-Modified = {2010-06-14 16:54:20 -0500},
	Journal = {Statistica Sinica},
	Pages = {113--135},
	Title = {A Bridge Between Nonlinear Time Series Models and Nonlinear Stochastic Dynamical Systems: A Local Linearization Approach},
	Volume = {2},
	Year = {1992}}

@inproceedings{Paleologo1998,
	Address = {New York, NY, USA},
	Author = {G. A. Paleologo and L. Benini and A. Bogliolo and G. De Micheli},
	Booktitle = {{Proc. of the 35th Annual Conf. on Design Automation}},
	Date-Added = {2008-06-11 10:36:59 -0500},
	Date-Modified = {2008-12-13 17:53:38 -0600},
	Isbn = {0-89791-964-5},
	Location = {San Francisco, California, United States},
	Pages = {182--187},
	Publisher = {ACM},
	Title = {Policy Optimization for Dynamic Power Management},
	Year = {1998},
	Bdsk-Url-1 = {http://doi.acm.org/10.1145/277044.277094}}

@article{Perc2005,
	Author = {Perc, M.},
	Date-Added = {2010-08-01 09:28:49 -0500},
	Date-Modified = {2011-08-03 13:37:46 +0000},
	Journal = {Fizika A},
	Pages = {91--112},
	Title = {{Introducing Nonlinear Time Series Analysis In Undergraduate Courses}},
	Volume = {15},
	Year = {2005},
	Bdsk-Url-1 = {http://fizika.hfd.hr/fizika_a/av06/a15p091.pdf}}

@inproceedings{Phansalkar2005,
	Author = {Aashish Phansalkar and Ajay Joshi and Eeckhout, L. and John, L.K.},
	Booktitle = {{Proc. of the 2005 IEEE Int'l Symp. on Performance Analysis of Systems and Software}},
	Doi = {10.1109/ISPASS.2005.1430555},
	Keywords = {ILP;L1 data cache miss-rate;SPEC CPU benchmark suite;branch prediction;data locality;instruction level parallelism;microarchitecture-independent characteristics;program similarity measurement;superscalar processor;benchmark testing;cache storage;instruction sets;microprocessor chips;parallel architectures;},
	Month = {march},
	Pages = {10 -20},
	Title = {{Measuring Program Similarity: Experiments with SPEC CPU Benchmark Suites}},
	Year = 2005,
	Bdsk-Url-1 = {http://dx.doi.org/10.1109/ISPASS.2005.1430555}}

@article{Phansalkar2007,
	Acmid = {1250713},
	Address = {New York, NY, USA},
	Author = {Phansalkar, Aashish and Joshi, Ajay and John, Lizy K.},
	Doi = {http://doi.acm.org/10.1145/1273440.1250713},
	Issn = {0163-5964},
	Issue = {2},
	Journal = {SIGARCH Comput. Archit. News},
	Keywords = {SPEC, benchmark, clustering, microprocessor performance counters},
	Month = {June},
	Numpages = {12},
	Pages = {412--423},
	Publisher = {ACM},
	Title = {{Analysis of Redundancy and Application Balance In the SPEC CPU2006 Benchmark Suite}},
	Volume = {35},
	Year = {2007},
	Bdsk-Url-1 = {http://doi.acm.org/10.1145/1273440.1250713}}

@book{Pinedo2008,
	Author = {Pinedo, M},
	Date-Added = {2011-07-13 16:35:38 -0500},
	Date-Modified = {2011-07-13 16:35:38 -0500},
	Isbn = 0387789340,
	Publisher = {Springer Verlag},
	Title = {{Scheduling: Theory, Algorithms, and Systems}},
	Year = 2008}

@webpage{AMD2006c,
	Author = {Michael Wall and Robin Maffeo and Justin Boggs},
	Date-Added = {2008-07-11 11:40:13 -0500},
	Date-Modified = {2011-08-03 13:36:48 +0000},
	Lastchecked = {July 2008},
	Title = {{Designing and Optimizing Software for N Cores}},
	Urldate = {October, 2006},
	Year = {2006},
	Bdsk-Url-1 = {http://developer.amd.com/Assets/AMD_Designing_for_N_cores.pdf},
	Bdsk-Url-2 = {http://developer.amd.com/Assets/AMD%5C_Designing%5C_for%5C_N%5C_cores.pdf}}

@article{Pinheiro2004,
	Author = {Pinheiro, E. and Bianchini, R.},
	Date-Added = {2008-05-17 13:57:43 -0500},
	Date-Modified = {2008-05-17 14:08:22 -0500},
	Journal = {{Proc. of the 18th Int'l Conference on Supercomputing}},
	Keywords = {StorageDevices},
	Pages = {68--78},
	Publisher = {ACM Press New York, NY, USA},
	Title = {Energy Conservation Techniques for Disk Array-based Servers},
	Year = {2004}}

@inproceedings{Powell2009,
	Author = {Powell, M.D. and Biswas, A. and Emer, J.S. and Mukherjee, S.S. and Sheikh, B.R. and Yardi, S.},
	Booktitle = {{Proc. of the IEEE 15th Int'l. Symp. on High Performance Computer Architecture}},
	Doi = {10.1109/HPCA.2009.4798264},
	Issn = {1530-0897},
	Keywords = {powermodel, CAMP;common activity-based model for power;dynamic voltage/frequency scaling;fine-grain clock gating;first-order constraint;linear-regression-based model;microprocessor utilization statistics;per-structure power;power gating;power management;run-time microprocessor power consumption;microprocessor chips;power aware computing;power consumption;},
	Month = {feb.},
	Pages = {289 -300},
	Title = {{CAMP}: A Technique to Estimate Per-structure Power At Run-time Using A Few Simple Parameters},
	Year = 2009,
	Bdsk-Url-1 = {http://dx.doi.org/10.1109/HPCA.2009.4798264}}

@inproceedings{Purkayastha2004,
	Author = {Purkayastha, A. and Guiang, C. and Schulz, K. and Minyard, T. and Milfeld, K. and Barth, W. and Hurley, P. and Boisseau, J.},
	Booktitle = {{Proc. of the 5th LCI Int'l Conf. on High-performance Clusted Computing}},
	Date-Added = {2008-07-11 11:06:51 -0500},
	Date-Modified = {2011-08-03 13:42:19 +0000},
	Institution = {UT-Austin},
	Journal = {IISWC},
	Pages = {87--98},
	Title = {Performance Characteristics of Dual-Processor HPC Cluster Nodes Based on 64-bit Commodity Processors},
	Volume = {5},
	Year = {2004},
	Bdsk-Url-1 = {http://www.linuxclustersinstitute.org/conferences/archive/2004/PDF/12-Purkayastha_A.pdf}}

@article{Quan2008,
	Author = {Quan, Gang and Zhang, Yan and Wiles, William and Pei, Pei},
	Date-Added = {2011-07-13 16:35:38 -0500},
	Date-Modified = {2011-07-13 16:35:38 -0500},
	Journal = {Proc. of the 6th IEEE/SCM/IFIP Int'l Conf. on Hardware/Software Codesign and System Synthesis},
	Pages = {267--272},
	Title = {Guaranteed scheduling for repetitive hard real-time tasks under the maximal temperature constraint},
	OPTUrl = {http://doi.acm.org/10.1145/1450135.1450196},
	Year = 2008,
	Bdsk-Url-1 = {http://doi.acm.org/10.1145/1450135.1450196}}

@article{Radhakrishnan2007,
	Author = {Radhakrishnan, S and Chinthamani, S and Cheng, Kai},
	Date-Added = {2011-07-13 16:35:38 -0500},
	Date-Modified = {2011-07-13 16:35:38 -0500},
	Doi = {10.1109/MM.2007.44},
	Journal = {IEEE Micro},
	Keywords = {Blackford northbridge chipset, I/O interfaces, Intel 5000 shared-memory symmetric dual-processor, microprocessor chips, peripheral interfaces, shared memory systemsBNB chipset,Intel Core 2 quad-core processors},
	Month = mar,
	Number = 2,
	Pages = {22--33},
	Title = {{The Blackford Northbridge Chipset for the Intel 5000}},
	OPTUrl = {http://dx.doi.org/10.1109/MM.2007.44},
	Volume = 27,
	Year = 2007,
	Bdsk-Url-1 = {http://dx.doi.org/10.1109/MM.2007.44}}

@phdthesis{Raghu2010,
	Author = {Raghu, A},
	Booktitle = {dspace.uta.edu},
	Date-Added = {2011-07-13 16:35:38 -0500},
	Date-Modified = {2011-07-13 16:35:38 -0500},
	Month = jan,
	Title = {{Dynamic Thermal Management Of Multi Core Processors Using Core Hopping}},
	OPTUrl = {http://dspace.uta.edu/handle/10106/4965},
	Year = 2010,
	Bdsk-Url-1 = {http://dspace.uta.edu/handle/10106/4965}}

@article{Rajagopalan2007,
	Author = {Rajagopalan, M and Lewis, B T and Anderson, T A},
	Date-Added = {2011-07-13 16:35:38 -0500},
	Date-Modified = {2011-07-13 16:35:38 -0500},
	Journal = {Proc. of the 11th Workshop on Hot Topics in Operating Systems},
	Title = {Thread scheduling for multi-core platforms},
	Year = 2007}

@techreport{Rajamani2006,
	Author = {Karthik Rajamani and Heather Hanson and Juan C. Rubio and Soraya Ghiasi and Freeman L. Rawson},
	Bdsk-Url-1 = {http://domino.research.ibm.com/library/cyberdig.nsf/papers/8A07E78644CB39D9852571B200687E3B/\$File/rc24007.pdf},
	Date-Added = {2008-05-19 11:29:30 -0500},
	Date-Modified = {2008-05-19 11:31:34 -0500},
	Institution = {IBM Research},
	Number = {RC24007 (W0607-058)},
	Title = {Online Power and Performance Estimation for Dynamic Power Management},
	Type = {Research Report},
	Year = {2006}}

@inproceedings{Rajamani2010,
	Acmid = {1840885},
	Address = {New York, NY, USA},
	Author = {Rajamani, Karthick and Rawson, Freeman and Ware, Malcolm and Hanson, Heather and Carter, John and Rosedahl, Todd and Geissler, Andrew and Silva, Guillermo and Hua, Hong},
	Booktitle = {Proc. of the 16th ACM/IEEE international symposium on Low power electronics and design},
	Doi = {http://doi.acm.org/10.1145/1840845.1840885},
	Isbn = {978-1-4503-0146-6},
	Keywords = {DVFS, POWER7, SPECpower_ssj2008, energy savings, fan control, power management},
	Location = {Austin, Texas, USA},
	Numpages = {6},
	Pages = {201--206},
	Publisher = {ACM},
	Series = {ISLPED '10},
	Title = {Power-performance management on an {IBM POWER7} server},
	Year = {2010},
	Bdsk-Url-1 = {http://doi.acm.org/10.1145/1840845.1840885}}

@article{Rajan2007,
	Author = {Rajan, D and Yu, P},
	Date-Added = {2011-07-13 16:35:38 -0500},
	Date-Modified = {2011-07-13 16:35:38 -0500},
	Journal = {Proc. of the 14th Int'l Conf. on High-Performance Computing},
	Month = jan,
	Title = {{On temperature-aware scheduling for single-processor systems}},
	Year = 2007,
	Bdsk-Url-1 = {http://portal.acm.org/citation.cfm?id=1782214}}

@article{Rangan2009,
	Address = {New York, NY, USA},
	Author = {Rangan, Krishna K and Wei, Gu-Yeon and Brooks, David},
	Date-Added = {2011-07-13 16:35:38 -0500},
	Date-Modified = {2011-07-13 16:35:38 -0500},
	Doi = {http://doi.acm.org/10.1145/1555815.1555793},
	Issn = {0163-5964},
	Journal = {SIGARCH Comput. Archit. News},
	Number = 3,
	Pages = {302--313},
	Publisher = {ACM},
	Title = {{Thread motion: fine-grained power management for multi-core systems}},
	Volume = 37,
	Year = 2009,
	Bdsk-Url-1 = {http://doi.acm.org/10.1145/1555815.1555793}}

@article{Ranganathan2006,
	Address = {New York, NY, USA},
	Author = {Parthasarathy Ranganathan and Phil Leech and David Irwin and Jeffrey Chase},
	Date-Added = {2008-05-14 08:48:03 -0500},
	Date-Modified = {2008-12-13 17:53:38 -0600},
	Issn = {0163-5964},
	Journal = {SIGARCH Comput. Archit. News},
	Number = {2},
	Pages = {66--77},
	Publisher = {ACM},
	Title = {{Ensemble-level Power Management for Dense Blade Servers}},
	Volume = {34},
	Year = {2006},
	Bdsk-Url-1 = {http://doi.acm.org/10.1145/1150019.1136492}}

@book{Reddi2009,
	Author = {Reddi, Vijay Janapa and Gupta, Meeta S. and Holloway, Glenn and Wei, Gu-Yeon and Smith, Michael D. and Brooks, David},
	Booktitle = {2009 IEEE 15th International Symposium on High Performance Computer Architecture},
	Date-Added = {2011-07-13 16:35:38 -0500},
	Date-Modified = {2011-07-13 16:35:38 -0500},
	Doi = {10.1109/HPCA.2009.4798233},
	Isbn = {978-1-4244-2932-5},
	Month = feb,
	Pages = {18--29},
	Publisher = {IEEE},
	Title = {{Voltage emergency prediction: Using signatures to reduce operating margins}},
	OPTUrl = {http://ieeexplore.ieee.org/xpl/freeabs\_all.jsp?arnumber=4798233},
	Year = 2009,
	Bdsk-Url-1 = {http://ieeexplore.ieee.org/xpl/freeabs%5C_all.jsp?arnumber=4798233},
	Bdsk-Url-2 = {http://dx.doi.org/10.1109/HPCA.2009.4798233}}

@inproceedings{Reddi2010,
	Acmid = {1816002},
	Address = {New York, NY, USA},
	Author = {Janapa Reddi, Vijay and Lee, Benjamin C. and Chilimbi, Trishul and Vaid, Kushagra},
	Booktitle = {{Proc. of the 37th Int'l Symp. on Computer Architecture}},
	Date-Added = {2011-12-08 02:01:48 +0000},
	Date-Modified = {2011-12-08 02:03:56 +0000},
	Doi = {http://doi.acm.org/10.1145/1815961.1816002},
	Isbn = {978-1-4503-0053-7},
	Keywords = {bing, energy efficiency, mobile cores, web search},
	Location = {Saint-Malo, France},
	Numpages = {12},
	Pages = {314--325},
	Publisher = {ACM},
	Series = {ISCA '10},
	Title = {Web Search Using Mobile Cores: Quantifying and Mitigating the Price of Efficiency},
	OPTUrl = {http://doi.acm.org/10.1145/1815961.1816002},
	Year = {2010},
	Bdsk-Url-1 = {http://doi.acm.org/10.1145/1815961.1816002}}

@article{Reich2010,
	Author = {Reich, J. and Goraczko, M. and Kansal, A. and Padhye, J. and Computing, N.E.},
	Date-Added = {2010-08-01 09:28:49 -0500},
	Date-Modified = {2010-08-01 09:28:49 -0500},
	Journal = {{Proc. of the 2010 USENIX Annual Tech. Conf.}},
	Title = {Sleepless in {Seattle} No Longer},
	Year = 2010,
	Bdsk-Url-1 = {http://www.usenix.org/event/atc10/tech/full_papers/Reich.pdf}}

@phdthesis{Rivoire2008a,
	Author = {Rivoire, S.M.},
	Date-Added = {2009-01-17 15:23:51 -0600},
	Date-Modified = {2009-01-17 15:24:06 -0600},
	School = {Stanford University},
	Title = {{Models and Metrics for Energy-efficient Computer Systems}},
	Year = 2008,
	Bdsk-Url-1 = {http://csl.stanford.edu/~christos/publications/2008.suzy_rivoire.phd_thesis.pdf}}

@inproceedings{Rivoire2008b,
	Author = {Rivoire, Suzanne and P. Ranganathan and C. Kozyrakis},
	Booktitle = {{Proc. of 2008 USENIX Workshop on Power Aware Computing and Systems}},
	Date-Added = {2008-12-13 17:22:22 -0600},
	Date-Modified = {2010-08-10 16:56:35 -0500},
	Month = {Dec.},
	Title = {A Comparison of High Level Full-System Power Models},
	Year = {2008},
	Bdsk-Url-1 = {http://www.usenix.org/events/hotpower08/tech/full_papers/rivoire/rivoire.pdf}}

@inproceedings{Roberson2003,
	Acmid = 1250975,
	Address = {Berkeley, CA, USA},
	Author = {Roberson, Jeff},
	Booktitle = {Proc. of the BSD Conference 2003 on BSD Conference},
	Date-Added = {2011-07-13 16:35:38 -0500},
	Date-Modified = {2011-07-13 16:35:38 -0500},
	Location = {San Mateo, California},
	Numpages = 1,
	Pages = {3--3},
	Publisher = {USENIX Association},
	Title = {{ULE}: a modern scheduler for FreeBSD},
	OPTUrl = {http://portal.acm.org/citation.cfm?id=1250972.1250975},
	Year = 2003,
	Bdsk-Url-1 = {http://portal.acm.org/citation.cfm?id=1250972.1250975}}

@article{Rong2006,
	Author = {Rong, Peng and Pedram, Massoud},
	Date-Added = {2011-07-13 16:35:38 -0500},
	Date-Modified = {2011-07-13 16:35:38 -0500},
	Journal = {Proc. of the 2006 Asia and South Pacific Design Automation Conference},
	Pages = {473--478},
	Title = {{Power-aware scheduling and dynamic voltage setting for tasks running on a hard real-time system}},
	OPTUrl = {http://doi.acm.org/10.1145/1118299.1118416},
	Year = 2006,
	Bdsk-Url-1 = {http://doi.acm.org/10.1145/1118299.1118416}}

@article{Rosing2007,
	Author = {Rosing, T S and Mihic, K and {De Micheli}, G},
	Date-Added = {2011-07-13 16:35:38 -0500},
	Date-Modified = {2011-07-13 16:35:38 -0500},
	Doi = {10.1109/TVLSI.2007.895245},
	Issn = {1063-8210},
	Journal = {IEEE Transactions on Very Large Scale Integration (VLSI) Systems },
	Keywords = {industrial property, integrated circuit reliability, integrated circuit testing, intellectual property, power management, reliability management, system-on-chip, system-on-chipembedded systems, transistor scaling,embedded systems},
	Month = apr,
	Number = 4,
	Pages = {391--403},
	Title = {Power and Reliability Management of {SoCs}},
	Volume = 15,
	Year = 2007,
	Bdsk-Url-1 = {http://dx.doi.org/10.1109/TVLSI.2007.895245}}

@inproceedings{Rumble2009,
	Author = {Rumble, Stephen M. and Stutsman, Ryan and Levis, Philip and Mazi\`{e}res, David and Zeldovich, Nickolai},
	Booktitle = {Applications, Technologies, Architectures, and Protocols for Computer Communication},
	Date-Added = {2011-07-13 16:35:38 -0500},
	Date-Modified = {2011-08-03 13:47:21 +0000},
	File = {:Users/awl8049/Library/Application Support/Mendeley Desktop/Downloaded/Rumble et al. - 2009 - apprehending joule thieves with cinder(2).html:html},
	Keywords = {undefined},
	Pages = {49--54},
	Title = {Apprehending Joule Thieves With Cinder},
	Year = 2009,
	Bdsk-Url-1 = {http://portal.acm.org/citation.cfm?id=1592618}}

@techreport{Ryffel2009,
	Author = {S. Ryffel and T. Stathopoulous and D. McIntire and W. Kaiser and L. Thiele},
	Date-Added = {2009-10-20 15:53:54 -0500},
	Date-Modified = {2009-10-20 16:01:06 -0500},
	Institution = {UCLA},
	Title = {Accurate Energy Attribution and Accounting for Multi-core Systems},
	OPTUrl = {http://escholarship.org/uc/item/81s2s0t2},
	Year = 2009,
	Bdsk-Url-1 = {http://escholarship.org/uc/item/81s2s0t2}}

@techreport{SSI2004,
	Author = {{Server System Infrastructure Consortium}},
	Date-Added = {2008-09-27 16:25:58 -0500},
	Date-Modified = {2008-09-27 16:25:58 -0500},
	Institution = {Server System Infrastructure Consortium},
	Number = {2.92},
	Title = {{EPS12v Power Supply Design Guide, V2.92}},
	Type = {Spec.},
	Year = {2004}}

@misc{SWGC06,
	Date-Added = {2011-07-13 16:35:38 -0500},
	Date-Modified = {2011-07-13 16:35:38 -0500},
	Keywords = {SWGC0},
	Month = jun,
	Title = {{Inside the Linux scheduler}},
	OPTUrl = {http://www.ibm.com/developerworks/linux/library/l-scheduler/},
	Year = 2006,
	Bdsk-Url-1 = {http://www.ibm.com/developerworks/linux/library/l-scheduler/}}

@article{Saha2007,
	Acmid = 1273006,
	Address = {New York, NY, USA},
	Author = {Saha, Bratin and Adl-Tabatabai, Ali-Reza and Ghuloum, Anwar and Rajagopalan, Mohan and Hudson, Richard L. and Petersen, Leaf and Menon, Vijay and Murphy, Brian and Shpeisman, Tatiana and Sprangle, Eric and Rohillah, Anwar and Carmean, Doug and Fang, Jesse},
	Date-Added = {2011-07-13 16:35:38 -0500},
	Date-Modified = {2011-07-13 16:35:38 -0500},
	Doi = {http://doi.acm.org/10.1145/1272998.1273006},
	Issn = {0163-5980},
	Issue = 3,
	Journal = {SIGOPS Oper. Syst. Rev.},
	Keywords = {memory management, multi-core processors, parallel programming, runtime design, scheduler design, sequestered mode, synchronization primitives, transactional memory},
	Month = {March},
	Numpages = 14,
	Pages = {73--86},
	Publisher = {ACM},
	Title = {Enabling scalability and performance in a large scale {CMP} environment},
	OPTUrl = {http://doi.acm.org/10.1145/1272998.1273006},
	Volume = 41,
	Year = 2007,
	Bdsk-Url-1 = {http://doi.acm.org/10.1145/1272998.1273006}}

@inproceedings{Sarood2011,
	Author = {Sarood, O. and Gupta, A. and Kale, L.V.},
	Booktitle = {{Proc. of the 2011 IEEE Int'l. Symp. on Parallel and Distributed Processing Workshops and Ph.D. Forum}},
	Date-Added = {2012-02-14 23:01:31 +0000},
	Date-Modified = {2012-02-14 23:03:26 +0000},
	Doi = {10.1109/IPDPS.2011.231},
	Issn = {1530-2075},
	Keywords = {data centers;dynamic voltage-and-frequency scaling;energy consumption profile;execution time penalty;heat density;heat dissipation;high performance computing;parallel application;temperature aware load balancing;energy consumption;parallel processing;power aware computing;resource allocation;},
	Month = {May},
	Pages = {796 -803},
	Title = {Temperature Aware Load Balancing for Parallel Applications: Preliminary Work},
	Year = {2011},
	Bdsk-Url-1 = {http://dx.doi.org/10.1109/IPDPS.2011.231}}

@article{Sato1995,
	Author = {Sato, T. and Ootaguro, Y. and Nagamatsu, M. and Tago, H.},
	Date-Added = {2008-05-14 18:05:57 -0500},
	Date-Modified = {2008-05-17 14:01:40 -0500},
	Journal = {{Proc. of the 1995 IEEE Symposium on Low Power Electronics}},
	Pages = {44--45},
	Title = {Evaluation of Architecture-level Power Estimation for {CMOS RISC} Processors},
	Year = {1995}}

@article{Sharifi2008,
	Author = {Sharifi, Shervin and Rosing, Tajana Simunic},
	Date-Added = {2011-07-13 16:35:38 -0500},
	Date-Modified = {2011-07-13 16:35:38 -0500},
	Doi = {http://doi.acm.org/10.1145/1366110.1366210},
	Journal = {Proc. of the 18th ACM Great Lakes Symp. on VLSI},
	Pages = {417--422},
	Title = {{An analytical model for the upper bound on temperature differences on a chip}},
	OPTUrl = {http://doi.acm.org/10.1145/1366110.1366210},
	Year = 2008,
	Bdsk-Url-1 = {http://doi.acm.org/10.1145/1366110.1366210}}

@article{Sherwood2003,
	Author = {Sherwood, T. and Sair, S. and Calder, B.},
	Date-Added = {2008-05-22 10:46:14 -0500},
	Date-Modified = {2012-02-11 15:44:47 +0000},
	Issn = {1063-6897},
	Journal = {{Proc. of the 30th Int'l Symp. on Computer Architecture}},
	Month = {June},
	Pages = {336-347},
	Title = {Phase Tracking and Prediction},
	Year = {2003}}

@techreport{Shi2010,
	Author = {Shi, B and Srivastava, A},
	Booktitle = {lib.umd.edu},
	Date-Added = {2011-07-13 16:35:38 -0500},
	Date-Modified = {2011-07-13 16:35:38 -0500},
	File = {:Users/awl8049/Library/Application Support/Mendeley Desktop/Downloaded/Shi, Srivastava - 2010 - Dynamic Thermal Management Considering Accurate Temperature-Leakage Interdependency.pdf:pdf},
	Month = jan,
	Number = {TR\_2010-14},
	Title = {{Dynamic Thermal Management Considering Accurate Temperature-Leakage Interdependency}},
	Type = {Technical Report},
	OPTUrl = {http://www.lib.umd.edu/drum/handle/1903/10597},
	Year = 2010,
	Bdsk-Url-1 = {http://www.lib.umd.edu/drum/handle/1903/10597}}

@inproceedings{Sidorowich1992,
	Author = {Sidorowich, J.J.},
	Date-Added = {2010-08-25 14:10:58 -0500},
	Date-Modified = {2010-08-25 14:11:11 -0500},
	Doi = {10.1109/ICASSP.1992.226471},
	Issn = {1520-6149},
	Journal = {Proc. of the the 1991 IEEE Int'l. Conf. on Acoustics, Speech, and Signal Processing},
	Keywords = {chaotic dynamics;chaotic signals;chaotic systems;chaotic time series;connectionist modelling;error estimates;functional interpolation;noise reduction;nonlinear smoothing;polynomial interpolation;predictive models;strange attractors;chaos;interpolation;polynomials;signal processing;time series;},
	Month = {mar.},
	Pages = {121 -124 vol.4},
	Title = {Modeling of chaotic time series for prediction, interpolation, and smoothing},
	Volume = {4},
	Year = {1992},
	Bdsk-Url-1 = {http://dx.doi.org/10.1109/ICASSP.1992.226471}}

@article{Singh2009,
	Address = {New York, NY, USA},
	Author = {Singh, Karan and Bhadauria, Major and McKee, Sally A.},
	Date-Added = {2010-05-10 22:14:24 -0500},
	Date-Modified = {2010-05-10 22:14:45 -0500},
	Doi = {http://doi.acm.org/10.1145/1577129.1577137},
	Issn = {0163-5964},
	Journal = {SIGARCH Comput. Archit. News},
	Number = {2},
	Pages = {46--55},
	Publisher = {ACM},
	Title = {{Real Time Power Estimation and Thread Scheduling Via Performance Counters}},
	Volume = {37},
	Year = {2009},
	Bdsk-Url-1 = {http://doi.acm.org/10.1145/1577129.1577137}}

@inproceedings{Skadron2003,
	Author = {Skadron, K. and Stan, M.R. and Huang, W. and Sivakumar Velusamy and Karthik Sankaranarayanan and Tarjan, D.},
	Booktitle = {{Proc. of the 30th Int'l. Symp. on Computer Architecture}},
	Doi = {10.1109/ISCA.2003.1206984},
	Issn = {1063-6897},
	Keywords = {powermodel, dynamic thermal management; finite element simulation; frequency scaling; hotspot thermal model; localized toggling; power-performance simulator; real-time temperature sensor; spare hardware unit computation; temperature tracking; temperature-aware microarchitecture; cooling; finite element analysis; heat sinks; integrated circuit packaging; microprocessor chips; power engineering computing; temperature measurement; temperature sensors; thermal management (packaging);},
	Month = {june},
	Pages = {2 - 13},
	Title = {{Temperature-aware microarchitecture}},
	Year = 2003,
	Bdsk-Url-1 = {http://dx.doi.org/10.1109/ISCA.2003.1206984}}

@article{Skadron2004,
	Address = {New York, NY, USA},
	Author = {Kevin Skadron and Mircea R. Stan and Karthik Sankaranarayanan and Wei Huang and Sivakumar Velusamy and David Tarjan},
	Date-Added = {2008-03-19 22:12:44 -0500},
	Date-Modified = {2010-08-10 17:12:19 -0500},
	Issn = {1544-3566},
	Journal = {{ACM Transactions on Architecture and Code Optimization}},
	Keywords = {background},
	Number = 1,
	Pages = {94--125},
	Publisher = {ACM},
	Title = {{Temperature-aware Microarchitecture: Modeling and Implementation}},
	Volume = 1,
	Year = 2004,
	Bdsk-Url-1 = {http://doi.acm.org/10.1145/980152.980157}}

@misc{Smaalders2008,
	Date-Added = {2011-07-13 16:35:38 -0500},
	Date-Modified = {2011-07-13 16:35:38 -0500},
	Month = jul,
	Title = {{Solaris and CMT}},
	OPTUrl = {http://www.opensparc.net/pubs/preszo/06/multicore/cmt\_conf-bart-smaalders.pdf},
	Year = 2008,
	Bdsk-Url-1 = {http://www.opensparc.net/pubs/preszo/06/multicore/cmt%5C_conf-bart-smaalders.pdf}}

@article{Snowdon2009,
	Author = {Snowdon, David C and Sueur, Etienne Le and Petters, Stefan M and Heiser, Gernot},
	Date-Added = {2011-07-13 16:35:38 -0500},
	Date-Modified = {2011-07-13 16:35:38 -0500},
	Doi = {http://doi.acm.org/10.1145/1519065.1519097},
	Journal = {Proc. of the 4th European Conference on Computer Systems},
	Pages = {289--302},
	Title = {{Koala: a platform for OS-level power management}},
	OPTUrl = {http://doi.acm.org/10.1145/1519065.1519097},
	Year = 2009,
	Bdsk-Url-1 = {http://doi.acm.org/10.1145/1519065.1519097}}

@article{Song2009,
	Author = {Shuaiwen Song, and Rong Ge, and Xizhou Feng, and Cameron, Kirk W.},
	Doi = {10.1177/1094342009106193},
	Eprint = {http://hpc.sagepub.com/content/23/3/265.full.pdf+html},
	Journal = {International Journal of High Performance Computing Applications},
	Number = {3},
	Pages = {265-276},
	Title = {Energy Profiling and Analysis of the {HPC} Challenge Benchmarks},
	OPTUrl = {http://hpc.sagepub.com/content/23/3/265.abstract},
	Volume = {23},
	Year = {2009},
	Abstract = {Future high performance systems must use energy efficiently
                  to achieve petaFLOPS computational speeds and
                  beyond. To address this challenge, we must first
                  understand the power and energy characteristics of
                  high performance computing applications. In this
                  paper, we use a power-performance profiling framework
                  called Power-Pack to study the power and energy
                  profiles of the HPC Challenge benchmarks. We present
                  detailed experimental results along with in-depth
                  analysis of how each benchmark's workload
                  characteristics affect power consumption and energy
                  efficiency. This paper summarizes various findings
                  using the HPC Challenge benchmarks, including but not
                  limited to: 1) identifying application power profiles
                  by function and component in a high performance
                  cluster; 2) correlating applications' memory access
                  patterns to power consumption for these benchmarks;
                  and 3) exploring how energy consumption scales with
                  system size and workload.},
	Bdsk-Url-1 = {http://hpc.sagepub.com/content/23/3/265.abstract},
	Bdsk-Url-2 = {http://dx.doi.org/10.1177/1094342009106193}}

@book{Sprott2003,
	Address = {New York, NY, USA},
	Author = {JC Sprott},
	Date-Added = {2010-08-01 09:28:49 -0500},
	Date-Modified = {2010-08-01 09:28:49 -0500},
	Journal = {Book},
	Publisher = {Oxford University Press},
	Rating = {0},
	Title = {{Chaos and Time-Series Analysis}},
	Uri = {papers://29A695D8-9431-4F2A-A5D6-CFC24651882A/Paper/p516},
	Year = {2003}}

@article{Stoess2007,
	Author = {Stoess, Jan and Lang, Christian and Bellosa, Frank},
	Date-Added = {2011-07-13 16:35:38 -0500},
	Date-Modified = {2011-07-13 16:35:38 -0500},
	Journal = {2007 USENIX Annual Technical Conference on Proc. of the USENIX Annual Technical Conference},
	Title = {{Energy management for hypervisor-based virtual machines}},
	OPTUrl = {http://portal.acm.org/citation.cfm?id=1364385.1364386},
	Year = 2007,
	Bdsk-Url-1 = {http://portal.acm.org/citation.cfm?id=1364385.1364386}}

@techreport{Stoica1996,
	Address = {Norfolk, VA},
	Author = {{I. Stoica} and {H. Abdel-Wahab} and {K. Jeffay}},
	Date-Added = {2011-07-13 16:35:38 -0500},
	Date-Modified = {2012-02-11 15:46:03 +0000},
	Institution = {Old Dominion University},
	Title = {{On the Duality between Resource Reservation and Proportional Share Resource Allocation}},
	OPTUrl = {http://portal.acm.org/citation.cfm?id=890663},
	Year = {1996},
	Bdsk-Url-1 = {http://portal.acm.org/citation.cfm?id=890663}}

@conference{Singhal2008,
	Author = {Singhal, R},
	Booktitle = {Intel Developer Forum, Shanghai, China},
	Title = {{Inside Intel Next Generation Nehalem Microarchitecture}},
	Year = {2008}}

@article{Su1994,
	Author = {Su, C.L. and Tsui, C.Y. and Despain, A.M.},
	Date-Added = {2008-05-14 18:07:57 -0500},
	Date-Modified = {2008-05-17 14:01:51 -0500},
	Journal = {{Proc. of 1994 IEEE COMCON}},
	Pages = {489--498},
	Title = {Low Power Architecture Design and Compilation Techniques for High-Performance Processors},
	Year = {1994}}

@article{Su2010,
	Author = {{Li-yun Su}},
	Date-Added = {2010-08-01 09:28:49 -0500},
	Date-Modified = {2010-08-01 09:28:49 -0500},
	Doi = {10.1016/j.camwa.2009.10.019},
	Journal = {{Computers {\&} Mathematics with Applications}},
	Keywords = {KERNEL functions, POLYNOMIALS, MULTIVARIATE analysis, VECTOR analysis, PREDICTION models, CHAOTIC behavior in systems, REGRESSION analysis, TIME-series analysis},
	Number = 2,
	Pages = {737 -- 744},
	Rating = 0,
	Title = {Prediction of Multivariate Chaotic Time Series With Local Polynomial Fitting},
	Volume = 59,
	Year = 2010,
	Bdsk-Url-1 = {http://library.louisiana.edu/cgi-bin/proxy?http://biere.louisiana.edu:2075/login.aspx?direct=true&db=a9h&AN=47446941&site=ehost-live},
	Bdsk-Url-2 = {http://dx.doi.org/10.1016/j.camwa.2009.10.019}}

@article{Suleman2008,
	Affiliation = {New York, NY, USA},
	Author = {M Aater Suleman and Moinuddin K Qureshi and Yale N Patt},
	Date-Added = {2011-07-13 16:35:38 -0500},
	Date-Modified = {2011-07-13 16:35:38 -0500},
	Doi = {http://doi.acm.org/10.1145/1353535.1346317},
	Journal = {SIGOPS Oper. Syst. Rev.},
	Number = 2,
	Pages = {277--286},
	Rating = 0,
	Title = {Feedback-driven threading: power-efficient and high-performance execution of multi-threaded workloads on {CMPs}},
	Uri = {papers://29A695D8-9431-4F2A-A5D6-CFC24651882A/Paper/p167},
	OPTUrl = {http://doi.acm.org/10.1145/1353535.1346317},
	Volume = 42,
	Year = 2008,
	Bdsk-Url-1 = {http://doi.acm.org/10.1145/1353535.1346317}}

@misc{Sun2004,
	Author = {Sun Microsystems, Inc},
	Date-Added = {2008-05-20 15:17:02 -0500},
	Date-Modified = {2008-05-20 15:17:54 -0500},
	Howpublished = {Techinical White Paper},
	Month = {April},
	Title = {{Sun Fire V20z Server Architecture}},
	Year = {2004}}

@manual{Sun2007a,
	Author = {Sun Microsystems, Inc},
	Date-Added = {2008-06-02 16:18:16 -0500},
	Date-Modified = {2011-08-03 13:38:36 +0000},
	Month = {March},
	Organization = {Sun Microsystems, Inc},
	Title = {NETRA X4200 M2 Server Architecture},
	Year = {2007}}

@manual{Sun2008a,
	Author = {{Sun Microsystems, Inc}},
	Date-Added = {2008-05-20 14:37:55 -0500},
	Date-Modified = {2008-05-20 14:40:57 -0500},
	Howpublished = {white paper},
	Month = {April},
	Organization = {Sun Microsystems, Inc},
	Title = {{Sun Fire X2100 M2 and X2200 M2 Server Architecture}},
	Year = 2008,
	Bdsk-Url-1 = {http://www.sun.com/servers/x64/x2200/X2100-X2200ArchWP.pdf}}

@misc{Sun2008b,
	Author = {Sun Microsystems, Inc},
	Date-Added = {2008-09-27 16:26:43 -0500},
	Date-Modified = {2010-09-29 15:16:03 -0500},
	Month = {April},
	Organization = {Sun Microsystems, Inc},
	Title = {{Solaris System Administration Guide: Advanced Administration}},
	Year = {2008}}

@manual{Sun2008c,
	Author = {Sun Microsystems, Inc},
	Date-Added = {2008-06-02 16:20:11 -0500},
	Date-Modified = {2008-09-27 16:26:31 -0500},
	Howpublished = {white paper},
	Month = {February},
	Organization = {Sun Microsystems, Inc},
	Title = {{Sun Blade 8000 and 8000 P Modular Systems}},
	Year = {2008}}

@techreport{Sun2009b,
	Author = {Jonathan Crew and Kuriakose Kuruvilla and Eric Saxe and Rafael Vanoni and Sherry Moore and Ikroop Dhillon and Yi Gao and Yonghong Song and David Seberger and Nawal Copty},
	Date-Added = {2009-12-19 13:57:08 -0600},
	Date-Modified = {2009-12-19 14:00:22 -0600},
	Institution = {Sun Microsystems, Inc.},
	Title = {{The Solaris Operating System - Optimized for the Intel Xeon Processor 5500 Series}},
	Year = {2009},
	Bdsk-Url-1 = {https://www.sun.com/offers/docs/820-7707.pdf}}

@inproceedings{Tam2007,
	Author = {David Tam and Reza Azimi and Livio Soares and Michael Stumm},
	Booktitle = {In WIOSCA'07},
	Date-Added = {2009-05-08 09:35:32 -0500},
	Date-Modified = {2011-08-03 13:38:06 +0000},
	Title = {Managing shared L2 caches on multicore systems in software},
	Year = {2007},
	Bdsk-Url-1 = {http://citeseerx.ist.psu.edu/viewdoc/summary?doi=10.1.1.65.4640}}

@book{Tan2009,
	Author = {Tan, Pengliu},
	Booktitle = {2009 Second International Symposium on Electronic Commerce and Security},
	Date-Added = {2011-07-13 16:35:38 -0500},
	Date-Modified = {2011-07-13 16:35:38 -0500},
	Doi = {10.1109/ISECS.2009.161},
	Isbn = {978-0-7695-3643-9},
	Keywords = {undefined},
	Month = may,
	Pages = {190--193},
	Publisher = {IEEE},
	Title = {{Task Scheduling of Real-time Systems on Multi-Core Architectures}},
	OPTUrl = {http://ieeexplore.ieee.org/lpdocs/epic03/wrapper.htm?arnumber=5209727},
	Year = 2009,
	Bdsk-Url-1 = {http://ieeexplore.ieee.org/lpdocs/epic03/wrapper.htm?arnumber=5209727},
	Bdsk-Url-2 = {http://dx.doi.org/10.1109/ISECS.2009.161}}

@article{Tang2006,
	Affiliation = {Los Alamitos, CA, USA},
	Author = {Qinghui Tang and Sandeep K S Gupta and Daniel Stanzione and Phil Cayton},
	Date-Added = {2011-07-13 16:35:38 -0500},
	Date-Modified = {2011-07-13 16:35:38 -0500},
	Journal = {Proc. of the 2006 IEEE Int'l Symp. on Dependable, Autonomic and Secure Computing},
	Pages = {195--202},
	Rating = 0,
	Title = {Thermal-Aware Task Scheduling to Minimize Energy Usage of Blade Server Based Datacenters},
	Uri = {papers://29A695D8-9431-4F2A-A5D6-CFC24651882A/Paper/p134},
	OPTUrl = {http://doi.ieeecomputersociety.org/10.1109/DASC.2006.47},
	Volume = 0,
	Year = 2006,
	Bdsk-Url-1 = {http://doi.ieeecomputersociety.org/10.1109/DASC.2006.47}}

@inproceedings{Teodorescu2008,
	Affiliation = {Washington, DC, USA},
	Author = {Radu Teodorescu and Josep Torrellas},
	Date-Added = {2010-08-01 09:28:49 -0500},
	Date-Modified = {2010-08-01 09:28:49 -0500},
	Doi = {http://dx.doi.org/10.1109/ISCA.2008.40},
	Journal = {Proc.},
	Pages = {363--374},
	Rating = {0},
	Title = {Variation-Aware Application Scheduling and Power Management for Chip Multiprocessors},
	Uri = {papers://29A695D8-9431-4F2A-A5D6-CFC24651882A/Paper/p180},
	OPTUrl = {http://dx.doi.org/10.1109/ISCA.2008.40},
	Year = 2008,
	Bdsk-Url-1 = {http://dx.doi.org/10.1109/ISCA.2008.40}}

@phdthesis{Tierno1995,
	Author = {Tierno, J.A.},
	Date-Added = {2008-02-11 11:22:59 -0600},
	Date-Modified = {2008-03-09 13:54:56 -0500},
	Keywords = {Thermodynamics},
	School = {California Institute of Technology},
	Title = {{An Energy-Complexity Model for VLSI Computations}},
	Year = {1995}}

@article{Tierno1996,
	Author = {Tierno, JA and Manohar, R. and Martin, AJ},
	Date-Added = {2008-02-11 13:02:14 -0600},
	Date-Modified = {2008-03-09 13:55:12 -0500},
	Journal = {{Proc. 2nd Int'l Symp. on Advanced Research in Asynchronous Circuits and Systems}},
	Keywords = {Thermodynamics},
	Pages = {188--196},
	Title = {{The Energy and Entropy of VLSI Computations}},
	Year = {1996}}

@article{Tikir2004,
	Author = {Tikir, M.M. and Hollingsworth, J.K.},
	Date-Added = {2008-06-20 15:17:33 -0500},
	Date-Modified = {2008-12-13 17:53:38 -0600},
	Journal = {{Proc. of the ACM/IEEE SC2004 Conference}},
	Month = {Nov.},
	Pages = {46-46},
	Title = {{Using Hardware Counters to Automatically Improve Memory Performance}},
	Year = {2004},
	Bdsk-Url-1 = {http://dx.doi.org/10.1109/SC.2004.64}}

@article{Tiwari1994,
	Author = {Tiwari, V. and Malik, S. and Wolfe, A.},
	Date-Added = {2008-05-14 17:43:19 -0500},
	Date-Modified = {2008-05-17 14:02:05 -0500},
	Journal = {{IEEE Transactions on Very Large Scale Integration (VLSI) Systems}},
	Number = {4},
	Pages = {437--445},
	Title = {{Power Analysis of Embedded Software: A First Step Towards Softwarepower Minimization}},
	Volume = {2},
	Year = {1994}}

@book{Tong1993,
	Address = {New York, NY, USA},
	Author = {Tong, H.},
	Date-Added = {2010-08-01 09:28:49 -0500},
	Date-Modified = {2010-08-01 09:28:49 -0500},
	Publisher = {Oxford University Press},
	Title = {{Non-linear Time Series: A Dynamical System Approach}},
	Year = {1993}}

@article{Tse2002,
	Author = {Tse, C.K. and Di Bernardo, M.},
	Doi = {10.1109/JPROC.2002.1015006},
	Issn = {0018-9219},
	Journal = {{Proc. of the IEEE}},
	Keywords = {DC-DC converters;bifurcation scenarios;border collisions;chaotic dynamics;circuit operation;complex behavior;cyclic switching;modeling strategies;nonlinear dynamics;power electronics circuits;switching power converters;DC-DC power convertors;bifurcation;chaos;nonlinear network analysis;switching circuits;},
	Month = {May},
	Number = {5},
	Pages = {768 -781},
	Title = {{Complex Behavior In Switching Power Converters}},
	Volume = {90},
	Year = {2002},
	Bdsk-Url-1 = {http://ieeexplore.ieee.org/xpls/abs_all.jsp?arnumber=1015006&tag=1},
	Bdsk-Url-2 = {http://dx.doi.org/10.1109/JPROC.2002.1015006}}

@inproceedings{Tsirogiannis2010,
	Acmid = {1807194},
	Address = {New York, NY, USA},
	Author = {Tsirogiannis, Dimitris and Harizopoulos, Stavros and Shah, Mehul A.},
	Booktitle = {Proc. of the 2010 Int'l. Conf. on Management of Data},
	Doi = {http://doi.acm.org/10.1145/1807167.1807194},
	Isbn = {978-1-4503-0032-2},
	Keywords = {cpu power, database server, energy efficiency, power consumption, ssd},
	Location = {Indianapolis, Indiana, USA},
	Numpages = {12},
	Pages = {231--242},
	Publisher = {ACM},
	Series = {SIGMOD '10},
	Title = {Analyzing the Energy Efficiency of A Database Server},
	Year = {2010},
	Bdsk-Url-1 = {http://doi.acm.org/10.1145/1807167.1807194}}

@article{Tuagi1997,
	Author = {Tuagi, A.},
	Date-Added = {2008-05-14 17:32:43 -0500},
	Date-Modified = {2008-05-17 14:02:18 -0500},
	Journal = {IEEE Transactions on Very Large Scale Integration (VLSI) Systems},
	Number = {4},
	Pages = {456--464},
	Title = {{Entropic Bounds on FSM Switching}},
	Volume = {5},
	Year = {1997}}

@article{Turlach1993,
	Author = {Turlach, B.A.},
	Journal = {CORE and Institut de Statistique},
	Pages = {23--493},
	Publisher = {Citeseer},
	Title = {{Bandwidth Selection in Kernel Density Estimation: A Review}},
	Year = 1993}

@article{Tzeng2010,
	Acmid = 1816295,
	Address = {Piscataway, NJ, USA},
	Author = {Pong, Fong and Tzeng, Nian-Feng},
	Doi = {http://dx.doi.org/10.1109/TNET.2009.2022085},
	Issn = {1063-6692},
	Issue = 1,
	Journal = {{IEEE/ACM Transactions on Networking}},
	Keywords = {hash tables, linear feedback shift registers, longest prefix matching, prefix aggregation, prefix transformation, routing tables, table storage, tries},
	Month = {February},
	Numpages = 14,
	Pages = {81--94},
	Publisher = {IEEE Press},
	Title = {{SUSE}: Superior Storage-efficiency For Routing Tables Through Prefix Transformation and Aggregation},
	Volume = 18,
	Year = 2010,
	Bdsk-Url-1 = {http://dx.doi.org/10.1109/TNET.2009.2022085}}

@ARTICLE{Tzeng2011,
  author =	 {Fong Pong and Nian-Feng Tzeng},
  journal =	 {{IEEE Transactions on Parallel and Distributed Systems} },
  title =	 {{HaRP}: Rapid Packet Classification via Hashing
                  Round-Down Prefixes},
  year =	 2011,
  month =	 {july },
  volume =	 22,
  number =	 7,
  pages =	 {1105 -1119},
  keywords =	 {HaRP;HyperCuts;Internet application;Internet
                  services;decision tree;hardware support;hashing
                  round-down prefixes;incremental rule updates;local
                  cache;optimization steps;rapid packet
                  classification;search data
                  structures;software-oriented
                  classification;software-oriented
                  techniques;Internet;data structures;optimisation;},
  doi =		 {10.1109/TPDS.2010.195},
  ISSN =	 {1045-9219},
}

@inproceedings{Varsampoulos2010,
	Author = {Varsamopoulos, G. and Abbasi, Z. and Gupta, S.K.S.},
	Booktitle = {Proc. of the 2010 Int'l. Conf. on High Performance Computing},
	Date-Modified = {2011-12-13 15:12:53 +0000},
	Doi = {10.1109/HIPC.2010.5713198},
	Keywords = {Web service;cloud data center management;energy proportionality;energy saving;equipment composition;heat recirculation phenomena;power consumption heterogeneity;power management;server provisioning;thermal awareness;cloud computing;computer centres;power engineering computing;power system economics;power system management;},
	Month = {dec.},
	Pages = {1 -11},
	Title = {Trends and Effects of Energy Proportionality On Server Provisioning In Data Centers},
	Year = {2010},
	Bdsk-Url-1 = {http://dx.doi.org/10.1109/HIPC.2010.5713198}}

@inproceedings{Ware2010,
	Author = {Ware, M. and Rajamani, K. and Floyd, M. and Brock, B. and Rubio, J.C. and Rawson, F. and Carter, J.B.},
	Booktitle = {{Proc. of the IEEE 16th Int'l. Symp. on High Performance Computer Architecture}},
	Doi = {10.1109/HPCA.2010.5416627},
	Issn = {1530-0897},
	Keywords = {powermodel, IBM POWER7 processor;dynamic power management;peak energy-efficiency;server processor;microprocessor chips;},
	Month = {Jan.},
	Pages = {1 -11},
	Title = {Architecting for Power Management: The {IBM POWER7} Approach},
	Year = 2010,
	Bdsk-Url-1 = {http://dx.doi.org/10.1109/HPCA.2010.5416627}}

@misc{WattsUp2006b,
	Author = {Electronic Educational Devices, Inc.},
	Date-Added = {2006-07-23 19:23:02 -0500},
	Date-Modified = {2011-08-03 13:36:30 +0000},
	Keywords = {virtualization, parallels},
	Month = {December},
	Title = {{WattsUp Communication Protocol}},
	Urldate = {December 2006},
	Year = {2006},
	Bdsk-Url-1 = {https://www.doubleed.com/comprotocol.pdf}}

@url{WattsUp2006a,
	Author = {{Electronic Educational Devices, Inc.}},
	Date-Added = {2006-12-02 14:52:00 -0600},
	Date-Modified = {2010-08-10 18:18:49 -0500},
	Keywords = {statistics, software},
	Lastchecked = {Dec. 2006},
	Month = {December},
	Title = {{WattsUp Power Meter}},
	Year = {2006},
	Bdsk-Url-1 = {http://www.doubleed.com}}

@article{Winter2010,
	Author = {J Winter and D Albonesi},
	Date-Added = {2011-07-13 16:35:38 -0500},
	Date-Modified = {2011-07-13 16:35:38 -0500},
	Journal = {Proc. of the 19th Int'l Conf. on Parallel Architectures and Compilation Techniques},
	Month = {Jan},
	Rating = 0,
	Title = {Scalable thread scheduling and global power management for heterogeneous many-core architectures},
	Uri = {papers://29A695D8-9431-4F2A-A5D6-CFC24651882A/Paper/p925},
	OPTUrl = {http://portal.acm.org/citation.cfm?id=1854273.1854283},
	Year = 2010,
	Bdsk-Url-1 = {http://portal.acm.org/citation.cfm?id=1854273.1854283}}

@inproceedings{Wojciechowski2011,
	Author = {Wojciechowski, B. and Berezowski, K.S. and Patronik, P. and Biernat, J.},
	Booktitle = {Thermal Investigations of ICs and Systems (THERMINIC), 2011 17th International Workshop on},
	Date-Added = {2012-02-09 16:36:32 +0000},
	Date-Modified = {2012-02-09 16:36:47 +0000},
	Keywords = {benchmark traces;core thermal status;few-component Fourier expansion;many-core processors;multithreaded workload;power consumption;system throughput;thermal simulation;workload modelling;Fourier transforms;multi-threading;multiprocessing systems;thermal analysis;},
	Month = {sept.},
	Pages = {1 -6},
	Title = {Fast and accurate thermal simulation and modelling of workloads of many-core processors},
	Year = {2011}}

@article{Wong2008,
	Author = {Wong, Chee Siang and Tan, Ian and Kumari, Rosalind Deena and Wey, Fun},
	Date-Added = {2011-07-13 16:35:38 -0500},
	Date-Modified = {2011-07-13 16:35:38 -0500},
	Issn = {0163-5980},
	Journal = {ACM SIGOPS Operating Systems Review},
	Keywords = {undefined},
	Number = 5,
	Pages = {34--43},
	Title = {Towards achieving fairness in the linux scheduler},
	OPTUrl = {http://portal.acm.org/citation.cfm?id=1400097.1400102},
	Volume = 42,
	Year = 2008,
	Bdsk-Url-1 = {http://portal.acm.org/citation.cfm?id=1400097.1400102}}

@conference{Kadayif2001,
	Author = {Kadayif, I. and Chinoda, T. and Kandemir, M. and Vijaykirsnan, N. and Irwin, MJ and Sivasubramaniam, A.},
	Booktitle = {Proc. of the 2001 ACM SIGPLAN-SIGSOFT Workshop on Program Analysis for Software Tools and Engineering},
	Organization = {ACM},
	Pages = {28--31},
	Title = {{vEC: Virtual energy counters}},
	Year = {2001}}

@inproceedings{Wu2006,
	Address = {New York, NY, USA},
	Author = {Wei Wu and Lingling Jin and Jun Yang and Pu Liu and Sheldon X.-D. Tan},
	Booktitle = {{DAC '06: Proc. of the 43rd Annual Conf. on Design Automation}},
	Date-Added = {2008-09-28 09:16:46 -0500},
	Date-Modified = {2008-12-13 17:53:38 -0600},
	Isbn = {1-59593-381-6},
	Location = {San Francisco, CA, USA},
	Pages = {554--557},
	Publisher = {ACM},
	Title = {A Systematic Method for Functional Unit Power Estimation in Microprocessors},
	Year = {2006},
	Bdsk-Url-1 = {http://doi.acm.org/10.1145/1146909.1147053}}

@article{Wu2007,
	Address = {New York, NY, USA},
	Author = {Wei Wu and Lingling Jin and Jun Yang and Pu Liu and Sheldon X.-D. Tan},
	Date-Added = {2008-09-28 08:18:06 -0500},
	Date-Modified = {2008-12-13 17:53:38 -0600},
	Issn = {1084-4309},
	Journal = {ACM Trans. on Des. Autom. Electron. Syst.},
	Number = {3},
	Pages = {1--29},
	Publisher = {ACM},
	Title = {{Efficient Power Modeling and Software Thermal Sensing for Runtime Temperature Monitoring}},
	Volume = 12,
	Year = 2007}

@article{Wu2010,
	Author = {Wu, G and Xu, Z},
	Date-Added = {2011-07-13 16:35:38 -0500},
	Date-Modified = {2011-07-13 16:35:38 -0500},
	Journal = {Journal of Systems and Software},
	Month = jan,
	Title = {{Temperature-Aware Task Scheduling Algorithm for Soft Real-time Multi-Core Systems}},
	OPTUrl = {http://linkinghub.elsevier.com/retrieve/pii/S016412121000213X},
	Year = 2010,
	Bdsk-Url-1 = {http://linkinghub.elsevier.com/retrieve/pii/S016412121000213X}}

@article{Wu2011,
	Acmid = 1953001,
	Address = {New York, NY, USA},
	Articleno = 3,
	Author = {Wu, Carole-Jean and Martonosi, Margaret},
	Date-Added = {2011-07-13 16:35:38 -0500},
	Date-Modified = {2011-07-13 16:35:38 -0500},
	Doi = {http://doi.acm.org/10.1145/1952998.1953001},
	Issn = {1544-3566},
	Issue = 1,
	Issue_Date = {April 2011},
	Journal = {ACM Trans. Archit. Code Optim.},
	Keywords = {Cache decay, capacity management, shared resource management},
	Month = {February},
	Numpages = 26,
	Pages = {3:1--3:26},
	Publisher = {ACM},
	Title = {Adaptive timekeeping replacement: Fine-grained capacity management for shared CMP caches},
	OPTUrl = {http://doi.acm.org/10.1145/1952998.1953001},
	Volume = 8,
	Year = 2011,
	Bdsk-Url-1 = {http://doi.acm.org/10.1145/1952998.1953001}}

@article{Xia2010,
	Author = {Xia, Liang and Zhu, Yongxin and Yang, Jun and Ye, Jingwei and Gu, Zonghua},
	Doi = {10.1093/comjnl/bxp119},
	Eprint = {http://comjnl.oxfordjournals.org/cgi/reprint/53/7/895.pdf},
	Journal = {The Computer Journal},
	Number = {7},
	Pages = {895-903},
	Title = {{Implementing a Thermal-Aware Scheduler in Linux Kernel on a Multi-Core Processor}},
	Volume = {53},
	Year = {2010},
	Bdsk-Url-1 = {http://comjnl.oxfordjournals.org/cgi/content/abstract/53/7/895},
	Bdsk-Url-2 = {http://dx.doi.org/10.1093/comjnl/bxp119}}

@article{Xian2007,
	Author = {Xian, Changjiu and Lu, Yung-Hsiang and Li, Zhiyuan},
	Date-Added = {2011-07-13 16:35:38 -0500},
	Date-Modified = {2011-07-13 16:35:38 -0500},
	Journal = {Proc. of the 44th ACM/IEEE Design Automation Conference},
	Pages = {664--669},
	Title = {{Energy-aware scheduling for real-time multiprocessor systems with uncertain task execution time}},
	OPTUrl = {http://doi.acm.org/10.1145/1278480.1278648},
	Year = 2007,
	Bdsk-Url-1 = {http://doi.acm.org/10.1145/1278480.1278648}}

@article{Xian2008,
	Author = {Xian, Changjiu and Lu, Yung-Hsiang and Li, Zhiyuan},
	Date-Added = {2011-07-13 16:35:38 -0500},
	Date-Modified = {2011-07-13 16:35:38 -0500},
	Doi = {10.1109/TCAD.2008.925778},
	Journal = {IEEE Transactions on Computer-Aided Design of Integrated Circuits and Systems},
	Keywords = {energy conservation, frequency switching, intratask voltage scheduling, low-power electronics, microprocessor chips, multiple concurrent tasks, multitasking real-time systems, polynomial-time heuristic algorithm, probabilistic distributions, processor scheduling, real-time systemsdynamic voltage-frequency scalin, uncertain execution time, voltage scheduling,polynomials},
	Month = aug,
	Number = 8,
	Pages = {1467--1478},
	Title = {{Dynamic Voltage Scaling for Multitasking Real-Time Systems With Uncertain Execution Time}},
	OPTUrl = {http://dx.doi.org/10.1109/TCAD.2008.925778},
	Volume = 27,
	Year = 2008,
	Bdsk-Url-1 = {http://dx.doi.org/10.1109/TCAD.2008.925778}}

@article{Yang2008,
	Author = {Yang, Jun and Zhou, Xiuyi and Chrobak, M and Zhang, Youtao and Jin, Lingling},
	Date-Added = {2011-07-13 16:35:38 -0500},
	Date-Modified = {2011-07-13 16:35:38 -0500},
	File = {:Users/awl8049/Library/Application Support/Mendeley Desktop/Downloaded/Yang et al. - 2008 - Dynamic Thermal Management through Task Scheduling.pdf:pdf},
	Journal = {Proc. of the 2008 IEEE Int'l Symp. on Performance Analysis of Systems and Software},
	Keywords = {Linux, dynamic thermal management, frequency scaling, heat generation speed on-die, heuristic algorithm, microprocessor chips, power aware computing, power consumption, processor scheduling, task analysis, task scheduling, thermal management (packaging)Linux kernel, thermal-aware job scheduling, voltage scaling,microprocessors},
	Month = apr,
	Pages = {191--201},
	Title = {{Dynamic thermal management through task scheduling}},
	OPTUrl = {http://dx.doi.org/10.1109/ISPASS.2008.4510751},
	Year = 2008,
	Bdsk-Url-1 = {http://dx.doi.org/10.1109/ISPASS.2008.4510751}}

@article{Yao1995,
	Author = {Yao, F and Demers, A and Shenker, S},
	Date-Added = {2011-07-13 16:35:38 -0500},
	Date-Modified = {2011-07-13 16:35:38 -0500},
	Journal = {Proc. of the 36th IEEE Symp. on Foundations of Computer Science},
	Pages = 374,
	Title = {A scheduling model for reduced CPU energy},
	Year = 1995}

@article{Ye2007,
	Acmid = {1241622},
	Address = {New York, NY, USA},
	Author = {Ye, Dong and Ray, Joydeep and Kaeli, David},
	Date-Added = {2011-12-10 03:57:28 +0000},
	Date-Modified = {2011-12-10 03:57:47 +0000},
	Doi = {http://doi.acm.org/10.1145/1241601.1241622},
	Issn = {0163-5964},
	Issue = {1},
	Journal = {SIGARCH Comput. Archit. News},
	Month = {March},
	Numpages = {6},
	Pages = {112--117},
	Publisher = {ACM},
	Title = {Characterization of file I/O activity for SPEC CPU2006},
	OPTUrl = {http://doi.acm.org/10.1145/1241601.1241622},
	Volume = {35},
	Year = {2007},
	Bdsk-Url-1 = {http://doi.acm.org/10.1145/1241601.1241622}}

@article{Yeo2008,
	Author = {Yeo, Inchoon and Liu, Chih Chun and Kim, Eun Jung},
	Date-Added = {2011-07-13 16:35:38 -0500},
	Date-Modified = {2011-07-13 16:35:38 -0500},
	Journal = {Proc. of the 45th ACM/IEEE Design Automation Conference},
	Keywords = {Linux, Linux standard scheduler, SPEC2006 benchmark, application-based thermal model, core-based thermal model, digital thermal sensor, integrated circuit modelling, microprocessor chips, multicore systems, on-chip temperature, priority scheduling, processor power density, processor scheduling, steady state temperature, temperature sensors, thermal management (packaging)Intel Quad-Core sys,predictive dynamic thermal management},
	Month = jun,
	Pages = {734--739},
	Title = {{Predictive dynamic thermal management for multicore systems}},
	Year = 2008}

@article{Yeo2009,
	Author = {Yeo, I and Kim, E},
	Date-Added = {2011-07-13 16:35:38 -0500},
	Date-Modified = {2012-02-01 15:16:19 +0000},
	Journal = {Proc. of the 2009 Design, Automation, and Test in Europe Conference and Exhibition},
	Local-OPTUrl = {http://faculty.cse.tamu.edu/ejkim/HPC_WEB/docs/date09_yeo.pdf},
	Month = jan,
	Title = {{Temperature-Aware Scheduler Based on Thermal Behavior Grouping in Multicore Systems}},
	OPTUrl = {http://dl.acm.org/citation.cfm?id=1874620.1874852},
	Year = 2009,
	Bdsk-Url-1 = {http://dl.acm.org/citation.cfm?id=1874620.1874852}}

@manual{Yokogawa2009,
	Date-Added = {2010-02-02 14:33:45 -0600},
	Date-Modified = {2010-02-02 14:35:54 -0600},
	Edition = {{4th Edition}},
	Month = {May},
	Organization = {Yokogawa Electric Corporation},
	Title = {{WT210/WT230 Digital Power Meter User's Manual}},
	Year = {2009}}

@article{Yuan2006,
	Author = {Yuan, Wanghong and Nahrstedt, Klara},
	Date-Added = {2011-07-13 16:35:38 -0500},
	Date-Modified = {2011-07-13 16:35:38 -0500},
	Doi = {http://doi.acm.org/10.1145/1151690.1151693},
	Journal = {ACM Transactions on Computer Systems},
	Number = 3,
	Pages = {292--331},
	Title = {{Energy-efficient CPU scheduling for multimedia applications}},
	OPTUrl = {http://doi.acm.org/10.1145/1151690.1151693},
	Volume = 24,
	Year = 2006,
	Bdsk-Url-1 = {http://doi.acm.org/10.1145/1151690.1151693}}

@article{Zamani2007,
	Author = {Zamani, R and Afsahi, A and Qian, Y and Hamacher, C},
	Date-Added = {2011-07-13 16:35:38 -0500},
	Date-Modified = {2011-07-13 16:35:38 -0500},
	Journal = {Proc. of the 2007 IEEE Int'l. Conf. on Cluster Computing},
	Pages = {118--128},
	Title = {{A Feasibility Analysis of Power-Awareness and Energy Minimization in Modern Interconnects for High-Performance Computing}},
	Year = 2007}

@article{Zanini2009,
	Author = {Zanini, F and Atienza, D and Micheli, G De},
	Date-Added = {2011-07-13 16:35:38 -0500},
	Date-Modified = {2011-07-13 16:35:38 -0500},
	Journal = {Proc. of the 2009 Asia and South Pacific Design Automation Conference},
	Month = jan,
	Title = {{A control theory approach for thermal balancing of MPSoC}},
	OPTUrl = {http://ieeexplore.ieee.org/xpls/abs\_all.jsp?arnumber=4796438},
	Year = 2009,
	Bdsk-Url-1 = {http://ieeexplore.ieee.org/xpls/abs%5C_all.jsp?arnumber=4796438}}

@inproceedings{Zanini2010,
	Author = {Zanini, F. and Jones, C.N. and Atienza, D. and De Micheli, G.},
	Booktitle = {Circuits and Systems (ISCAS), Proc. of 2010 IEEE International Symposium on},
	Date-Added = {2011-07-13 16:35:38 -0500},
	Date-Modified = {2011-07-13 16:35:38 -0500},
	Doi = {10.1109/ISCAS.2010.5537891},
	Keywords = {8-core Niagara-1 multicore architecture;MPSoC;approximate explicit model predictive control;computational complexity;discrete time control problem;multicore thermal management;online smooth thermal control;optimization problem;approximation theory;computational complexity;discrete systems;multiprocessing systems;optimisation;power control;predictive control;},
	Month = {june},
	Pages = {3321 -3324},
	Title = {Multicore thermal management using approximate explicit model predictive control},
	Year = 2010,
	Bdsk-Url-1 = {http://dx.doi.org/10.1109/ISCAS.2010.5537891}}

@article{Zeng2002,
	Author = {Zeng, Heng and Ellis, Carla S. and Lebeck, Alvin R. and Vahdat, Amin},
	Date-Added = {2011-07-13 16:35:38 -0500},
	Date-Modified = {2011-07-13 16:35:38 -0500},
	Issn = {0362-1340},
	Journal = {ACM SIGPLAN Notices},
	Number = 10,
	Pages = 123,
	Title = {{ECOSystem: managing energy as a first class operating system resource}},
	OPTUrl = {http://portal.acm.org/citation.cfm?id=605411},
	Volume = 37,
	Year = 2002,
	Bdsk-Url-1 = {http://portal.acm.org/citation.cfm?id=605411}}

@article{Zeng2005,
	Author = {Zeng, H. and Ellis, C.S. and Lebeck, A.R.},
	Date-Added = {2011-07-13 16:35:38 -0500},
	Date-Modified = {2011-07-13 16:35:38 -0500},
	Doi = {10.1109/MPRV.2005.10},
	Issn = {1536-1268},
	Journal = {IEEE Pervasive Computing},
	Month = jan,
	Number = 1,
	Pages = {62--68},
	Title = {{Experiences in Managing Energy with ECOSystem}},
	OPTUrl = {http://ieeexplore.ieee.org/xpl/freeabs\_all.jsp?arnumber=1401844},
	Volume = 4,
	Year = 2005,
	Bdsk-Url-1 = {http://ieeexplore.ieee.org/xpl/freeabs%5C_all.jsp?arnumber=1401844},
	Bdsk-Url-2 = {http://dx.doi.org/10.1109/MPRV.2005.10}}
	
@inproceedings{Zhang2007,
	Address = {Berkeley, CA, USA},
	Author = {Xiao Zhang and Sandhya Dwarkadas and Girts Folkmanis and Kai Shen},
	Booktitle = {{Proc. of the 11th USENIX Workshop on Hot Topics in Operating Systems}},
	Date-Added = {2008-05-22 13:46:46 -0500},
	Date-Modified = {2008-05-22 13:47:02 -0500},
	Location = {San Diego, CA},
	Pages = {1--6},
	Publisher = {USENIX Association},
	Title = {{Processor hardware counter statistics as a first-class system resource}},
	Year = {2007}}

@article{Zhou2007,
	Affiliation = {New York, NY, USA},
	Author = {Yuming Zhou and Hareton Leung},
	Date-Added = {2010-08-01 09:28:49 -0500},
	Date-Modified = {2010-08-01 09:28:49 -0500},
	Doi = {http://dx.doi.org/10.1016/j.jss.2006.10.049},
	Journal = {J. Syst. Softw.},
	Number = {8},
	Pages = {1349--1361},
	Rating = {0},
	Title = {Predicting Object-oriented Software Maintainability Using Multivariate Adaptive Regression Splines},
	Uri = {papers://29A695D8-9431-4F2A-A5D6-CFC24651882A/Paper/p181},
	OPTUrl = {http://dx.doi.org/10.1016/j.jss.2006.10.049},
	Volume = 80,
	Year = 2007,
	Bdsk-Url-1 = {http://dx.doi.org/10.1016/j.jss.2006.10.049}}

@article{Zhou2010a,
	Author = {Xiuyi Zhou and Jun Yang and Yi Xu and Youtao Zhang and Jianhua Zhao},
	Date-Added = {2011-07-13 16:35:38 -0500},
	Date-Modified = {2011-07-13 16:35:38 -0500},
	Doi = {10.1109/TPDS.2009.27},
	Journal = {IEEE Transactions on Parallel and Distributed Systems},
	Keywords = {thermal-aware task scheduling, voltage throttlings, device density, 3D multicore processors, thermal management (packaging), microprocessor chips, frequency throttlings, integrated circuit manufacture, interconnects, processor scheduling, power density, thermal correlations, chip temperature, round-robin algorithm, integrated circuit interconnections, heat dissipation, OS-level scheduling algorithm, high-speed interface, intuitive algorithms, 3D integration technology, random algorithms, chip fabrication},
	Month = {Jan},
	Number = 1,
	Pages = {60 --71},
	Rating = 0,
	Title = {Thermal-Aware Task Scheduling for 3D Multicore Processors},
	Uri = {papers://29A695D8-9431-4F2A-A5D6-CFC24651882A/Paper/p163},
	OPTUrl = {http://dx.doi.org/10.1109/TPDS.2009.27},
	Volume = 21,
	Year = 2010,
	Bdsk-Url-1 = {http://dx.doi.org/10.1109/TPDS.2009.27}}

@article{Zhou2010b,
	Author = {X Zhou and J Yang and M Chrobak and Y Zhang},
	Date-Added = {2011-07-13 16:35:38 -0500},
	Date-Modified = {2011-07-13 16:35:38 -0500},
	Journal = {ACM Transactions on Architecture and Code Optimization (TACO)},
	Number = 1,
	Pages = {1--31},
	Pmid = {related:jfxHV8uhckgJ},
	Rating = 0,
	Read = {Yes},
	Title = {Performance-aware thermal management via task scheduling},
	Uri = {papers://29A695D8-9431-4F2A-A5D6-CFC24651882A/Paper/p872},
	Volume = 7,
	Year = 2010}

@article{hsu2005,
	Author = {Chung-hsing Hsu and Wu-chun Feng},
	Date-Added = {2008-08-15 01:16:15 -0500},
	Date-Modified = {2008-12-13 17:53:38 -0600},
	Journal = {{Proc. of the ACM/IEEE 2005 Conference on Supercomputing}},
	Month = {Nov.},
	Pages = {1-1},
	Title = {A Power-Aware Run-Time System for High-Performance Computing},
	Year = {2005},
	Bdsk-Url-1 = {http://dx.doi.org/10.1109/SC.2005.3}}

@techreport{irelan2010,
	Author = {Peggy Irelan and Shihjong Kuo},
	Date-Added = {2011-07-13 16:35:38 -0500},
	Date-Modified = {2011-07-13 16:35:38 -0500},
	Institution = {Intel Corp.},
	Title = {{Performance Monitoring Unit Sharing Guide}},
	Year = 2010}

@article{khargharia2007,
	Author = {Khargharia, B. and Hariri, S. and Szidarovszky, F. and Houri, M. and El-Rewini, H. and Khan, S.U. and Ahmad, I. and Yousif, M.S.},
	Date-Added = {2008-08-15 01:16:15 -0500},
	Date-Modified = {2008-12-13 17:53:38 -0600},
	Journal = {{Proc. of the 2007 IEEE Int'l Symp. on Parallel and Distributed Processing}},
	Keywords = {Internet, game theory, information centres, network servers, optimisation, power aware computingInternet, autonomic power management, large-scale data center, optimization, performance management, power consumption},
	Month = {March},
	Pages = {1-8},
	Title = {Autonomic Power \& Performance Management for Large-Scale Data Centers},
	Year = {2007},
	Bdsk-Url-1 = {http://dx.doi.org/10.1109/IPDPS.2007.370510}}

@article{khargharia2008,
	Author = {Khargharia, B. and Hariri, S. and Kdouh, W. and Houri, M. and El-Rewini, H. and Yousif, M.},
	Date-Added = {2008-08-15 01:16:15 -0500},
	Date-Modified = {2008-12-13 17:53:38 -0600},
	Issn = {1530-2075},
	Journal = {{Proc. of the 2008 IEEE Int'l Symp. on Parallel and Distributed Processing}},
	Keywords = {network servers, performance evaluation, power aware computing, resource allocation, workstation clustersdata center server, dynamic reconfiguration, high-performance servers, multicore processor, multirank memory subsystems, optimization problem, performance management, platform power expenditure, power consumption, power savings, resource requirements, server clusters, static power management},
	Month = {April},
	Pages = {1-5},
	Title = {Autonomic Power and Performance Management of High-performance Servers},
	Year = {2008},
	Bdsk-Url-1 = {http://dx.doi.org/10.1109/IPDPS.2008.4536418}}

@misc{lehey2005,
	Author = {Greg Lehey},
	Date-Added = {2011-07-13 16:35:38 -0500},
	Date-Modified = {2011-07-13 16:35:38 -0500},
	Lastchecked = {June 2011},
	Title = {{Debugging Kernel Problems}},
	OPTUrl = {http://www.lemis.com/gr og/Papers/Debug-tutorial/tutori- al.pdf},
	Year = 2005,
	Bdsk-Url-1 = {http://www.lemis.com/gr%20og/Papers/Debug-tutorial/tutori-%20al.pdf}}

@misc{maxim2006,
	Author = {Maxim},
	Date-Added = {2008-08-15 10:08:21 -0500},
	Date-Modified = {2008-12-13 17:53:38 -0600},
	Keywords = {powermodel},
	Lastchecked = {Oct. 2008},
	Title = {{Practical Considerations for Advanced Current Sensing in High-Reliability Systems}},
	OPTUrl = {http://www.maxim-ic.com/appnotes.cfm/an%5C_pk/3883},
	Year = 2008,
	Bdsk-Url-1 = {http://www.maxim-ic.com/appnotes.cfm/an%5C_pk/3883}}

@article{nathuji2007,
	Author = {Nathuji, R. and Isci, C. and Gorbatov, E.},
	Date-Added = {2008-08-15 01:16:15 -0500},
	Date-Modified = {2008-12-13 17:53:38 -0600},
	Journal = {ICAC '07: Fourth Int'l Conf. on Autonomic Computing},
	Keywords = {computer centres, power aware computing, resource allocationdata center, enterprise computing environment, enterprise workload management, intelligent workload allocation method, platform heterogeneity-aware management, power-efficient management},
	Month = {June},
	Pages = {5-5},
	Title = {Exploiting Platform Heterogeneity for Power Efficient Data Centers},
	Year = {2007},
	Bdsk-Url-1 = {http://dx.doi.org/10.1109/ICAC.2007.16}}

@article{skadron2007,
	Author = {Skadron, K and Bose, P and Ghose, K and Sendag, R and Yi, J J and Chiou, D},
	Date-Added = {2011-07-13 16:35:38 -0500},
	Date-Modified = {2011-07-13 16:35:38 -0500},
	Journal = {IEEE Micro-Institute of Electrical and Electronics Engineers},
	Number = 6,
	Pages = {46--59},
	Title = {{Low-Power Design and Temperature Management}},
	Volume = 27,
	Year = 2007}

@article{spec2006,
	Author = {John L. Henning},
	Date-Added = {2010-08-01 09:28:49 -0500},
	Date-Modified = {2010-08-01 09:28:49 -0500},
	Journal = {Computer Architecture News},
	Month = {Sept},
	Number = 4,
	Title = {{{SPEC} {CPU2006} Benchmark Descriptions}},
	Volume = 34,
	Year = 2006}

@techreport{ton2008,
	Author = {Ton, M. and B. Fortenbery and W. Tschudi},
	Date-Added = {2008-08-15 06:51:08 -0500},
	Date-Modified = {2008-12-13 17:53:38 -0600},
	Institution = {Lawrence Berkeley National Laboratory},
	Keywords = {powermodel},
	Lastchecked = {Dec. 2009},
	Title = {{DC Power for Improved Data Center Efficiency}},
	OPTUrl = {http://hightech.lbl.gov/dc-powering/documents.html},
	Year = 2008,
	Bdsk-Url-1 = {http://hightech.lbl.gov/dc-powering/documents.html}}

@article{torres2008,
	Author = {Torres, J. and Carrera, D. and Hogan, K. and Gavalda, R. and Beltran, V. and Poggi, N.},
	Date-Added = {2008-08-15 01:16:15 -0500},
	Date-Modified = {2008-12-13 17:53:38 -0600},
	Issn = {1530-2075},
	Journal = {Proc. of the IEEE Int'l Symp. on Parallel and Distributed Processing},
	Keywords = {grid computing, middleware, power aware computingconsolidation strategy, green data centers, heterogeneous workload, representative workload scenario, wasted resources},
	Month = {April},
	Pages = {1-8},
	Title = {Reducing Wasted Resources to Help Achieve Green Data Centers},
	Year = {2008},
	Bdsk-Url-1 = {http://dx.doi.org/10.1109/IPDPS.2008.4536219}}

@article{wang2008,
	Author = {Xiaorui Wang and Ming Chen},
	Date-Added = {2008-08-15 01:16:15 -0500},
	Date-Modified = {2008-12-13 17:53:38 -0600},
	Issn = {1530-2075},
	Journal = {{Proc. of the 2008 IEEE Int'l Symp. on Parallel and Distributed Processing}},
	Keywords = {MIMO systems, power aware computing, power consumption, power controladaptive power control, multi-input-multi-output control theory, power consumption, server clusters},
	Month = {April},
	Pages = {1-5},
	Title = {Adaptive Power Control for Server Clusters},
	Year = {2008},
	Bdsk-Url-1 = {http://dx.doi.org/10.1109/IPDPS.2008.4536425}}
	
