%% This BibTeX bibliography file was created using BibDesk.
%% http://bibdesk.sourceforge.net/


%% Created for  at 2010-07-05 13:36:23 -0500 


%% Saved with string encoding Unicode (UTF-8) 



@book{Fan1996,
	Address = {London, UK},
	Author = {J. Fan and I. Gijbels},
	Date-Added = {2010-06-27 12:29:15 -0500},
	Date-Modified = {2010-06-27 12:31:15 -0500},
	Publisher = {Chapman \& Hall},
	Title = {{Local Polynomial Modeling and Its Applications}},
	Year = 1996}

@article{Liu2010,
	Author = {Zonghua Liu},
	Date-Added = {2010-06-25 16:28:17 -0500},
	Date-Modified = {2010-06-25 16:30:21 -0500},
	Journal = {Mathematical Problems in Engineering},
	Pages = {31},
	Title = {{Chaotic Time Series Analysis}},
	Volume = {2010},
	Year = {2010},
	Bdsk-Url-1 = {http://downloads.hindawi.com/journals/mpe/2010/720190.pdf}}

@inproceedings{Govindan2009,
	Address = {New York, NY, USA},
	Author = {Govindan, Sriram and Choi, Jeonghwan and Urgaonkar, Bhuvan and Sivasubramaniam, Anand and Baldini, Andrea},
	Booktitle = {EuroSys '09: Proceedings of the 4th ACM European conference on Computer systems},
	Date-Added = {2010-06-24 15:51:40 -0500},
	Date-Modified = {2010-06-24 15:51:52 -0500},
	Doi = {http://doi.acm.org/10.1145/1519065.1519099},
	Isbn = {978-1-60558-482-9},
	Location = {Nuremberg, Germany},
	Pages = {317--330},
	Publisher = {ACM},
	Title = {Statistical profiling-based techniques for effective power provisioning in data centers},
	Year = {2009},
	Bdsk-Url-1 = {http://doi.acm.org/10.1145/1519065.1519099}}

@article{Perc2005,
	Author = {Perc, M.},
	Date-Added = {2010-06-23 21:19:42 -0500},
	Date-Modified = {2010-06-23 21:19:54 -0500},
	Journal = {Fizika A},
	Pages = {91--112},
	Title = {{Introducing nonlinear time series analysis in undergraduate courses}},
	Volume = {15},
	Bdsk-Url-1 = {http://fizika.hfd.hr/fizika_a/av06/a15p091.pdf}}

@phdthesis{Rivoire2008,
	Author = {Rivoire, S.M.},
	Date-Added = {2010-06-21 22:41:52 -0500},
	Date-Modified = {2010-06-21 22:42:06 -0500},
	School = {Stanford Univ.},
	Title = {{Models and Metrics for Energy-efficient Computer Systems}},
	Year = 2008,
	Bdsk-File-1 = {YnBsaXN0MDDUAQIDBAUIJidUJHRvcFgkb2JqZWN0c1gkdmVyc2lvblkkYXJjaGl2ZXLRBgdUcm9vdIABqAkKFRYXGyIjVSRudWxs0wsMDQ4RFFpOUy5vYmplY3RzV05TLmtleXNWJGNsYXNzog8QgASABqISE4ACgAOAB1lhbGlhc0RhdGFccmVsYXRpdmVQYXRo0hgNGRpXTlMuZGF0YU8RAf4AAAAAAf4AAgAABURhdGEyAAAAAAAAAAAAAAAAAAAAAAAAAAAAAMgF58lIKwAAAABiqRBSaXZvaXJlMjAwOGEucGRmAAAAAAAAAAAAAAAAAAAAAAAAAAAAAAAAAAAAAAAAAAAAAAAAAAAAAAAAAAAAAAAAAGK+xZeoTwAAAAAAAAAAAAEAAwAACQAAAAAAAAAAAAAAAAAAAAAMU291cmNlUGFwZXJzABAACAAAyAYuGQAAABEACAAAxZf8rwAAAAEAIAAAYqkAAGIRAABfxwAAX74AAF+8AABe1AAAAFoAAABXAAIAY0RhdGEyOlVzZXJzOmF3bDgwNDk6RHJvcGJveDpkaXNzZXJ0YXRpb246dm1wb3dlcm1ndDpQYXBlcnM6cG93ZXJtb2RlbDpTb3VyY2VQYXBlcnM6Uml2b2lyZTIwMDhhLnBkZgAADgAiABAAUgBpAHYAbwBpAHIAZQAyADAAMAA4AGEALgBwAGQAZgAPAAwABQBEAGEAdABhADIAEgBeL1VzZXJzL2F3bDgwNDkvRHJvcGJveC9kaXNzZXJ0YXRpb24vdm1wb3dlcm1ndC9QYXBlcnMvcG93ZXJtb2RlbC9Tb3VyY2VQYXBlcnMvUml2b2lyZTIwMDhhLnBkZgATAA4vVm9sdW1lcy9EYXRhMgAVAAIAHP//AACABdIcHR4fWCRjbGFzc2VzWiRjbGFzc25hbWWjHyAhXU5TTXV0YWJsZURhdGFWTlNEYXRhWE5TT2JqZWN0XxArLi4vcG93ZXJtb2RlbC9Tb3VyY2VQYXBlcnMvUml2b2lyZTIwMDhhLnBkZtIcHSQloiUhXE5TRGljdGlvbmFyeRIAAYagXxAPTlNLZXllZEFyY2hpdmVyAAgAEQAWAB8AKAAyADUAOgA8AEUASwBSAF0AZQBsAG8AcQBzAHYAeAB6AHwAhgCTAJgAoAKiAqQCqQKyAr0CwQLPAtYC3wMNAxIDFQMiAycAAAAAAAACAQAAAAAAAAAoAAAAAAAAAAAAAAAAAAADOQ==}}

@book{Fan2003,
	Address = {New York, NY, USA},
	Author = {Fan, J. and Yao, Q.},
	Date-Added = {2010-06-21 22:35:59 -0500},
	Date-Modified = {2010-06-21 22:36:38 -0500},
	Publisher = {Springer New York},
	Title = {{Nonlinear Time Series}},
	Year = {2003}}

@article{Lewis2008,
	Author = {Adam Lewis and Soumik Ghosh and N.-F. Tzeng},
	Date-Added = {2010-03-31 16:10:28 -0500},
	Date-Modified = {2010-07-02 14:43:01 -0500},
	Journal = {{Proc. of the 2008 Workshop on Power Aware Computing and Systems (Hotpower'08)}},
	Title = {Run-time Energy Consumption Estimation Based on Workload in Server Systems},
	Year = {2008}}

@article{Bhattacharjee2009,
	Author = {Bhattacharjee, Abhishek and Martonosi, Margaret},
	Date-Added = {2010-02-11 19:22:09 -0600},
	Date-Modified = {2010-07-02 14:43:23 -0500},
	Doi = {http://doi.acm.org/10.1145/1555754.1555792},
	Isbn = {978-1-60558-526-0},
	Journal = {{Proc. of the 36th Int'l. Symp. on Computer Architecture}},
	Location = {Austin, TX, USA},
	Pages = {290--301},
	Title = {{Thread criticality predictors for dynamic performance, power, and resource management in chip multiprocessors}},
	Year = {2009},
	Bdsk-Url-1 = {http://doi.acm.org/10.1145/1555754.1555792}}

@article{Reich2010,
	Author = {Reich, J. and Goraczko, M. and Kansal, A. and Padhye, J. and Computing, N.E.},
	Date-Modified = {2010-07-02 14:43:44 -0500},
	Journal = {{Proc. of the 2010 USENIX Annual Tech. Conf.}},
	Title = {{Sleepless in Seattle no longer}},
	Year = {2010}}

@article{Spec2006,
	Author = {John L. Henning},
	Date-Modified = {2010-06-21 22:40:14 -0500},
	Journal = {Computer Architecture News},
	Month = {Sept},
	Number = {4},
	Title = {{SPEC CPU2006 benchmark descriptions}},
	Volume = {34},
	Year = {2006}}

@book{Box1994,
	Address = {New York, NY, USA},
	Author = {{G.E.P. Box and G.M. Jenkins and G.C. Reinsel}},
	Date-Modified = {2010-07-05 13:36:21 -0500},
	Publisher = {Prentice Hall},
	Title = {Time Series Analysis, Forecasting and Control},
	Year = {1994}}

@article{Friedman1991,
	Author = {J. Friedman},
	Date-Modified = {2010-07-02 14:44:37 -0500},
	Journal = {Annals of Statistics},
	Pages = {1-142},
	Title = {Multivariate adaptive regression splines},
	Volume = {19},
	Year = {1991}}

@article{Coskun2008,
	Author = {Coskun, Ayse Kivilcim and Rosing, Tajana Simunic and Gross, Kenny C.},
	Date-Added = {2010-05-10 20:32:26 -0500},
	Date-Modified = {2010-07-02 14:44:10 -0500},
	Journal = {{Proc. of the 2008 IEEE/ACM Int'l. Conf. on CAD}},
	Location = {San Jose, California},
	Pages = {250--257},
	Title = {Proactive temperature balancing for low cost thermal management in MPSoCs},
	Year = 2008}

@article{Zhou2007,
	Affiliation = {New York, NY, USA},
	Author = {Yuming Zhou and Hareton Leung},
	Date-Added = {2010-04-11 22:19:58 -0500},
	Date-Modified = {2010-04-26 15:58:35 -0500},
	Doi = {http://dx.doi.org/10.1016/j.jss.2006.10.049},
	Journal = {J. Syst. Softw.},
	Number = {8},
	Pages = {1349--1361},
	Rating = {0},
	Title = {Predicting object-oriented software maintainability using multivariate adaptive regression splines},
	Uri = {papers://29A695D8-9431-4F2A-A5D6-CFC24651882A/Paper/p181},
	Url = {http://dx.doi.org/10.1016/j.jss.2006.10.049},
	Volume = {80},
	Year = {2007},
	Bdsk-Url-1 = {http://dx.doi.org/10.1016/j.jss.2006.10.049}}

@article{Coskun2009,
	Affiliation = {Piscataway, NJ, USA},
	Author = {Ayse Kivilcim Coskun and Tajana \vSimunic Rosing and Kenny C Gross},
	Date-Added = {2010-04-11 22:20:12 -0500},
	Date-Modified = {2010-04-26 15:58:35 -0500},
	Doi = {http://dx.doi.org/10.1109/TCAD.2009.2026357},
	Journal = {IEEE Transactions on Computer-Aided Design of Integrated Circuits and Systems},
	Keywords = {energy management, processor scheduling, prediction methods, thermal factors, temperature control},
	Month = {Oct},
	Pages = {1503--1516},
	Rating = {0},
	Title = {Utilizing predictors for efficient thermal management in multiprocessor SoCs},
	Uri = {papers://29A695D8-9431-4F2A-A5D6-CFC24651882A/Paper/p182},
	Url = {http://dx.doi.org/10.1109/TCAD.2009.2026357},
	Volume = {28},
	Year = {2009},
	Bdsk-Url-1 = {http://dx.doi.org/10.1109/TCAD.2009.2026357}}

@inproceedings{Teodorescu2008,
	Affiliation = {Washington, DC, USA},
	Author = {Radu Teodorescu and Josep Torrellas},
	Date-Added = {2010-04-11 22:20:12 -0500},
	Date-Modified = {2010-04-26 15:58:35 -0500},
	Doi = {http://dx.doi.org/10.1109/ISCA.2008.40},
	Journal = {Proceedings},
	Pages = {363--374},
	Rating = {0},
	Title = {Variation-Aware Application Scheduling and Power Management for Chip Multiprocessors},
	Uri = {papers://29A695D8-9431-4F2A-A5D6-CFC24651882A/Paper/p180},
	Url = {http://dx.doi.org/10.1109/ISCA.2008.40},
	Year = {2008},
	Bdsk-Url-1 = {http://dx.doi.org/10.1109/ISCA.2008.40}}

@article{Lillekjendlie1994a,
	Author = {B Lillekjendlie and D Kugiumtzis and ND Christophersen},
	Date-Added = {2010-04-11 22:20:12 -0500},
	Date-Modified = {2010-04-26 15:58:35 -0500},
	Journal = {Modeling Identification and Control},
	Local-Url = {file://localhost/Users/awl8049/Dropbox/coursework/Papers/1994/Lillekjendlie/Modeling%20Identification%20and%20Control%201994%20Lillekjendlie-1.pdf},
	Number = {4},
	Pages = {205--228},
	Rating = {0},
	Title = {Chaotic time series},
	Uri = {papers://29A695D8-9431-4F2A-A5D6-CFC24651882A/Paper/p177},
	Volume = {15},
	Year = {1994},
	Bdsk-File-1 = {YnBsaXN0MDDUAQIDBAUIJidUJHRvcFgkb2JqZWN0c1gkdmVyc2lvblkkYXJjaGl2ZXLRBgdUcm9vdIABqAkKFRYXGyIjVSRudWxs0wsMDQ4RFFpOUy5vYmplY3RzV05TLmtleXNWJGNsYXNzog8QgASABqISE4ACgAOAB1lhbGlhc0RhdGFccmVsYXRpdmVQYXRo0hgNGRpXTlMuZGF0YU8RAmoAAAAAAmoAAgAABURhdGEyAAAAAAAAAAAAAAAAAAAAAAAAAAAAAMgF58lIKwAAAABfFB9Nb2RlbGluZyBJZGVudGlmaWNhdGlvIzVGMTUucGRmAAAAAAAAAAAAAAAAAAAAAAAAAAAAAAAAAAAAAAAAAAAAAF8Vx7P4rAAAAAAAAAAAAAQABQAACQAAAAAAAAAAAAAAAAAAAAANTGlsbGVramVuZGxpZQAAEAAIAADIBi4ZAAAAEQAIAADHtE0MAAAAAQAcAABfFAAAXxEAAF8OAABfDAAAXtQAAABaAAAAVwACAGBEYXRhMjpVc2Vyczphd2w4MDQ5OkRyb3Bib3g6Y291cnNld29yazpQYXBlcnM6MTk5NDpMaWxsZWtqZW5kbGllOk1vZGVsaW5nIElkZW50aWZpY2F0aW8jNUYxNS5wZGYADgB6ADwATQBvAGQAZQBsAGkAbgBnACAASQBkAGUAbgB0AGkAZgBpAGMAYQB0AGkAbwBuACAAYQBuAGQAIABDAG8AbgB0AHIAbwBsACAAMQA5ADkANAAgAEwAaQBsAGwAZQBrAGoAZQBuAGQAbABpAGUALQAxAC4AcABkAGYADwAMAAUARABhAHQAYQAyABIAeC9Vc2Vycy9hd2w4MDQ5L0Ryb3Bib3gvY291cnNld29yay9QYXBlcnMvMTk5NC9MaWxsZWtqZW5kbGllL01vZGVsaW5nIElkZW50aWZpY2F0aW9uIGFuZCBDb250cm9sIDE5OTQgTGlsbGVramVuZGxpZS0xLnBkZgATAA4vVm9sdW1lcy9EYXRhMgAVAAIAHP//AACABdIcHR4fWCRjbGFzc2VzWiRjbGFzc25hbWWjHyAhXU5TTXV0YWJsZURhdGFWTlNEYXRhWE5TT2JqZWN0XxBtLi4vLi4vLi4vLi4vY291cnNld29yay9QYXBlcnMvMTk5NC9MaWxsZWtqZW5kbGllL01vZGVsaW5nIElkZW50aWZpY2F0aW9uIGFuZCBDb250cm9sIDE5OTQgTGlsbGVramVuZGxpZS0xLnBkZtIcHSQloiUhXE5TRGljdGlvbmFyeRIAAYagXxAPTlNLZXllZEFyY2hpdmVyAAgAEQAWAB8AKAAyADUAOgA8AEUASwBSAF0AZQBsAG8AcQBzAHYAeAB6AHwAhgCTAJgAoAMOAxADFQMeAykDLQM7A0IDSwO7A8ADwwPQA9UAAAAAAAACAQAAAAAAAAAoAAAAAAAAAAAAAAAAAAAD5w==}}

@article{Itoh1995,
	Affiliation = {NTT Communication Science Laboratories},
	Author = {{Ken\-ichi Itoh}},
	Date-Added = {2010-04-27 16:34:09 -0500},
	Date-Modified = {2010-06-27 21:47:16 -0500},
	Journal = {Electronics and Communications in Japan, Part 3: Fundamental Electronic Science},
	Local-Url = {file://localhost/Users/awl8049/Dropbox/coursework/Papers/1995/Itoh/Electronics%20and%20Communications%20in%20Japan%20Part%203%20Fundamental%20Electronic%20Science%201995%20Itoh.pdf},
	Month = {Apr.},
	Number = {5},
	Pages = {1529--1536},
	Rating = {0},
	Read = {Yes},
	Title = {{A method for predicting chaotic time-series with outliers}},
	Uri = {papers://29A695D8-9431-4F2A-A5D6-CFC24651882A/Paper/p441},
	Volume = {78},
	Year = {1995},
	Bdsk-File-1 = {YnBsaXN0MDDUAQIDBAUIJidUJHRvcFgkb2JqZWN0c1gkdmVyc2lvblkkYXJjaGl2ZXLRBgdUcm9vdIABqAkKFRYXGyIjVSRudWxs0wsMDQ4RFFpOUy5vYmplY3RzV05TLmtleXNWJGNsYXNzog8QgASABqISE4ACgAOAB1lhbGlhc0RhdGFccmVsYXRpdmVQYXRo0hgNGRpXTlMuZGF0YU8RAqwAAAAAAqwAAgAABURhdGEyAAAAAAAAAAAAAAAAAAAAAAAAAAAAAMgF58lIKwAAAABfGB9FbGVjdHJvbmljcyBhbmQgQ29tbXVuIzVGMTkucGRmAAAAAAAAAAAAAAAAAAAAAAAAAAAAAAAAAAAAAAAAAAAAAF8Zx/zCfwAAAAAAAAAAAAQABQAACQAAAAAAAAAAAAAAAAAAAAAESXRvaAAQAAgAAMgGLhkAAAARAAgAAMf9CM8AAAABABwAAF8YAABfFwAAXw4AAF8MAABe1AAAAFoAAABXAAIAV0RhdGEyOlVzZXJzOmF3bDgwNDk6RHJvcGJveDpjb3Vyc2V3b3JrOlBhcGVyczoxOTk1Okl0b2g6RWxlY3Ryb25pY3MgYW5kIENvbW11biM1RjE5LnBkZgAADgC4AFsARQBsAGUAYwB0AHIAbwBuAGkAYwBzACAAYQBuAGQAIABDAG8AbQBtAHUAbgBpAGMAYQB0AGkAbwBuAHMAIABpAG4AIABKAGEAcABhAG4AIABQAGEAcgB0ACAAMwAgAEYAdQBuAGQAYQBtAGUAbgB0AGEAbAAgAEUAbABlAGMAdAByAG8AbgBpAGMAIABTAGMAaQBlAG4AYwBlACAAMQA5ADkANQAgAEkAdABvAGgALgBwAGQAZgAPAAwABQBEAGEAdABhADIAEgCOL1VzZXJzL2F3bDgwNDkvRHJvcGJveC9jb3Vyc2V3b3JrL1BhcGVycy8xOTk1L0l0b2gvRWxlY3Ryb25pY3MgYW5kIENvbW11bmljYXRpb25zIGluIEphcGFuIFBhcnQgMyBGdW5kYW1lbnRhbCBFbGVjdHJvbmljIFNjaWVuY2UgMTk5NSBJdG9oLnBkZgATAA4vVm9sdW1lcy9EYXRhMgAVAAIAHP//AACABdIcHR4fWCRjbGFzc2VzWiRjbGFzc25hbWWjHyAhXU5TTXV0YWJsZURhdGFWTlNEYXRhWE5TT2JqZWN0XxCDLi4vLi4vLi4vLi4vY291cnNld29yay9QYXBlcnMvMTk5NS9JdG9oL0VsZWN0cm9uaWNzIGFuZCBDb21tdW5pY2F0aW9ucyBpbiBKYXBhbiBQYXJ0IDMgRnVuZGFtZW50YWwgRWxlY3Ryb25pYyBTY2llbmNlIDE5OTUgSXRvaC5wZGbSHB0kJaIlIVxOU0RpY3Rpb25hcnkSAAGGoF8QD05TS2V5ZWRBcmNoaXZlcgAIABEAFgAfACgAMgA1ADoAPABFAEsAUgBdAGUAbABvAHEAcwB2AHgAegB8AIYAkwCYAKADUANSA1cDYANrA28DfQOEA40EEwQYBBsEKAQtAAAAAAAAAgEAAAAAAAAAKAAAAAAAAAAAAAAAAAAABD8=}}

@book{Sprott2003,
	Address = {New York, NY, USA},
	Author = {JC Sprott},
	Date-Added = {2010-05-05 11:16:16 -0500},
	Date-Modified = {2010-06-21 22:39:19 -0500},
	Journal = {Book},
	Publisher = {Oxford Univ. Press},
	Rating = {0},
	Title = {{Chaos and Time-Series Analysis}},
	Uri = {papers://29A695D8-9431-4F2A-A5D6-CFC24651882A/Paper/p516},
	Year = {2003}}

@article{Klema2004,
	Author = {{J Kl{\'e}ma and J Kout and M Vejmelka}},
	Date-Added = {2010-04-11 22:19:58 -0500},
	Date-Modified = {2010-07-02 14:40:30 -0500},
	Journal = {Cybernetics and Systems},
	Pages = {723--728},
	Rating = {0},
	Title = {Predictive System for Multivariate Time Series},
	Uri = {papers://29A695D8-9431-4F2A-A5D6-CFC24651882A/Paper/p178},
	Url = {http://citeseerx.ist.psu.edu/viewdoc/download?doi=10.1.1.71.8458&rep=rep1&type=pdf},
	Year = {2004},
	Bdsk-Url-1 = {http://citeseerx.ist.psu.edu/viewdoc/download?doi=10.1.1.71.8458&rep=rep1&type=pdf}}

@phdthesis{Jung2009,
	Affiliation = {UNIVERSITY OF SOUTHERN CALIFORNIA},
	Author = {H Jung},
	Date-Added = {2010-04-11 22:20:12 -0500},
	Date-Modified = {2010-04-26 15:58:35 -0500},
	Journal = {PhD Thesis},
	Rating = {0},
	Title = {STOCHASTIC DYNAMIC POWER AND THERMAL MANAGEMENT TECHNIQUES FOR MULTICORE SYSTEMS},
	Uri = {papers://29A695D8-9431-4F2A-A5D6-CFC24651882A/Paper/p184},
	Url = {http://digitallibrary.usc.edu/assetserver/controller/item/etd-JUNG-3249.pdf},
	Year = {2009},
	Bdsk-Url-1 = {http://digitallibrary.usc.edu/assetserver/controller/item/etd-JUNG-3249.pdf}}

@article{Su2010,
	Author = {Li-yun Su},
	Date-Added = {2010-05-05 11:16:03 -0500},
	Date-Modified = {2010-06-27 21:48:18 -0500},
	Journal = {{Computers {\&} Mathematics with Applications}},
	Keywords = {KERNEL functions, POLYNOMIALS, MULTIVARIATE analysis, VECTOR analysis, PREDICTION models, CHAOTIC behavior in systems, REGRESSION analysis, TIME-series analysis},
	Number = {2},
	Pages = {737 -- 744},
	Rating = {0},
	Title = {{Prediction of multivariate chaotic time series with local polynomial fitting.}},
	Uri = {papers://29A695D8-9431-4F2A-A5D6-CFC24651882A/Paper/p514},
	Volume = {59},
	Year = {2010},
	Abstract = {Abstract: To improve the prediction accuracy of complex multivariate chaotic time series, a novel scheme formed on the basis of multivariate local polynomial fitting with the optimal kernel function is proposed. According to Takens Theorem, a chaotic time series is reconstructed into vector data, multivariate local polynomial regression is used to fit the predicted complex chaotic system, then the regression model parameters with the least squares method based on embedding dimensions are estimated,and the prediction value is calculated. To evaluate the results, the proposed multivariate chaotic time series predictor based on multivariate local polynomial model is compared with a univariate predictor with the same numerical data. The simulation results obtained by the Lorenz system show that the prediction mean squares error of the multivariate predictor is much smaller than the univariate one, and is much better than the existing three methods. Even if the last half of the training da},
	Bdsk-Url-1 = {http://library.louisiana.edu/cgi-bin/proxy?http://biere.louisiana.edu:2075/login.aspx?direct=true&db=a9h&AN=47446941&site=ehost-live}}

@article{Lillekjendlie1994b,
	Author = {B Lillekjendlie and D Kugiumtzis and N Christophersen},
	Date-Added = {2010-04-11 22:20:12 -0500},
	Date-Modified = {2010-04-26 15:58:35 -0500},
	Journal = {Modeling Identification and Control},
	Local-Url = {file://localhost/Users/awl8049/Dropbox/coursework/Papers/1994/Lillekjendlie/Modeling%20Identification%20and%20Control%201994%20Lillekjendlie.pdf},
	Number = {4},
	Pages = {229--244},
	Rating = {0},
	Title = {Chaotic time series. Part II. System identification and prediction},
	Uri = {papers://29A695D8-9431-4F2A-A5D6-CFC24651882A/Paper/p175},
	Volume = {15},
	Year = {1994},
	Bdsk-File-1 = {YnBsaXN0MDDUAQIDBAUIJidUJHRvcFgkb2JqZWN0c1gkdmVyc2lvblkkYXJjaGl2ZXLRBgdUcm9vdIABqAkKFRYXGyIjVSRudWxs0wsMDQ4RFFpOUy5vYmplY3RzV05TLmtleXNWJGNsYXNzog8QgASABqISE4ACgAOAB1lhbGlhc0RhdGFccmVsYXRpdmVQYXRo0hgNGRpXTlMuZGF0YU8RAmQAAAAAAmQAAgAABURhdGEyAAAAAAAAAAAAAAAAAAAAAAAAAAAAAMgF58lIKwAAAABfFB9Nb2RlbGluZyBJZGVudGlmaWNhdGlvIzVGMTYucGRmAAAAAAAAAAAAAAAAAAAAAAAAAAAAAAAAAAAAAAAAAAAAAF8Wx7P5OQAAAAAAAAAAAAQABQAACQAAAAAAAAAAAAAAAAAAAAANTGlsbGVramVuZGxpZQAAEAAIAADIBi4ZAAAAEQAIAADHtE2ZAAAAAQAcAABfFAAAXxEAAF8OAABfDAAAXtQAAABaAAAAVwACAGBEYXRhMjpVc2Vyczphd2w4MDQ5OkRyb3Bib3g6Y291cnNld29yazpQYXBlcnM6MTk5NDpMaWxsZWtqZW5kbGllOk1vZGVsaW5nIElkZW50aWZpY2F0aW8jNUYxNi5wZGYADgB2ADoATQBvAGQAZQBsAGkAbgBnACAASQBkAGUAbgB0AGkAZgBpAGMAYQB0AGkAbwBuACAAYQBuAGQAIABDAG8AbgB0AHIAbwBsACAAMQA5ADkANAAgAEwAaQBsAGwAZQBrAGoAZQBuAGQAbABpAGUALgBwAGQAZgAPAAwABQBEAGEAdABhADIAEgB2L1VzZXJzL2F3bDgwNDkvRHJvcGJveC9jb3Vyc2V3b3JrL1BhcGVycy8xOTk0L0xpbGxla2plbmRsaWUvTW9kZWxpbmcgSWRlbnRpZmljYXRpb24gYW5kIENvbnRyb2wgMTk5NCBMaWxsZWtqZW5kbGllLnBkZgATAA4vVm9sdW1lcy9EYXRhMgAVAAIAHP//AACABdIcHR4fWCRjbGFzc2VzWiRjbGFzc25hbWWjHyAhXU5TTXV0YWJsZURhdGFWTlNEYXRhWE5TT2JqZWN0XxBrLi4vLi4vLi4vLi4vY291cnNld29yay9QYXBlcnMvMTk5NC9MaWxsZWtqZW5kbGllL01vZGVsaW5nIElkZW50aWZpY2F0aW9uIGFuZCBDb250cm9sIDE5OTQgTGlsbGVramVuZGxpZS5wZGbSHB0kJaIlIVxOU0RpY3Rpb25hcnkSAAGGoF8QD05TS2V5ZWRBcmNoaXZlcgAIABEAFgAfACgAMgA1ADoAPABFAEsAUgBdAGUAbABvAHEAcwB2AHgAegB8AIYAkwCYAKADCAMKAw8DGAMjAycDNQM8A0UDswO4A7sDyAPNAAAAAAAAAgEAAAAAAAAAKAAAAAAAAAAAAAAAAAAAA98=}}

@book{Tong1993,
	Address = {New York, NY, USA},
	Author = {Tong, H.},
	Date-Modified = {2010-06-27 21:45:55 -0500},
	Publisher = {Oxford Univ. Press},
	Title = {{Non-linear Time Series: A Dynamical System Approach}},
	Year = {1993}}
