%% This BibTeX bibliography file was created using BibDesk.
%% http://bibdesk.sourceforge.net/
%% Created for  at 2010-09-29 17:00:14 -0500 
%% Saved with string encoding Unicode (UTF-8) 

@techreport{AMD1995,
	Author = {AMD},
	Date-Added = {2008-07-09 13:16:06 -0500},
	Date-Modified = {2008-07-09 13:17:46 -0500},
	Institution = {AMD},
	Number = {18448D},
	Title = {{CPU Thermal Management}},
	Type = {Application Note},
	Year = {1995}}
